1838 3132
273 129 371 179 414
831 135 1164 177 EUSTATmUs

383 235 548 278 Γίνεται
591 227 666 275 οὖν
703 232 726 272 ὃ
777 228 996 288 ἅνθρωπος
1037 234 1108 277 ἐπὶ
1147 237 1269 277 πλέον
1314 234 1622 292 ἀπάνθρωπος,
1640 237 1711 280 τόν

272 306 385 358 θῆρα
423 298 794 355 ,ιιετενὸυσάμενος,
861 302 934 341 καί
966 296 1034 342 οἷα
1065 300 1124 355 μη
1154 302 1310 354 α’ρκοῦν
1337 302 1453 360 αὐτῷ
1480 306 1708 358 στερεῶσαι

267 371 498 423 βασιλείαν,
527 367 567 408 εἰ
582 364 807 414 τοσούτους
836 365 908 407 καί
932 366 1143 416 τοιούτους
1170 365 1351 421 λογάδας
1380 369 1478 418 τούς
1505 370 1582 421 μὲν
1606 369 1711 424 α’πή.

268 452 390 491 γαγεν
421 436 478 481 εἰς
506 432 603 480 τούς
623 430 813 480 πλείονας
838 429 933 481 τούς
961 428 1153 482 δ’ἄλλως
1179 434 1224 474 ἐκ
1244 435 1376 486 μέσου
1395 433 1556 489 ἔστησε,
1584 450 1710 488 προσ.

269 498 591 552 επικαταβάλλει
629 497 700 539 καί
733 491 885 547 ἅλλους
924 496 1104 551 μυρίους
1143 495 1293 553 ὅσους,
1337 499 1539 554 μα’ρπτων
1567 498 1742 555 ἑξειής,5

1360 571 1371 586 ,
1406 564 1424 579 u

267 569 316 608 mi
348 565 454 607 κατὰ
497 566 635 605 αἰτίαν
682 560 837 617 οὖσαν,
870 564 963 605 ἄλλ’
995 563 1141 613 ἆποίας
1172 563 1355 608 πλάσαιτ
1397 583 1447 607 αν
1476 565 1581 608 κατὰ
1612 567 1712 617 ζών-

265 649 350 675 των
382 628 606 685 ἅνθρωπος
633 628 759 679 αι’ττός
785 632 913 682 μόνος
951 632 1171 686 ἐφιέμενος
1202 633 1274 683 ζῆν
1307 632 1375 673 διὰ
1405 631 1451 674 τό
1481 634 1606 688 φύσει
1633 648 1710 675 κα..

261 698 490 752 χύποπτον,
523 694 548 737 ὃ
585 698 743 750 παγίως
772 696 885 751 αὐτῷ
926 696 1170 750 ἑνερρίζωτο
1209 695 1269 747 οἷς
1311 697 1416 752 αὕτη
1449 698 1519 740 dei
1543 698 1708 740 ἕδολίου

731 762 749 772 u
804 758 822 773 ‘l

263 765 368 807 κατὰ
404 765 484 806 τῶν
510 761 589 816 πρὸ
620 760 767 803 adrov-
799 765 898 803 οθεν
927 757 1025 819 ᾤετο
1050 761 1203 812 πάντας
1231 767 1417 816 βασιλεῖς
1444 767 1535 805 κατ’
1563 762 1704 806 mimir.

262 833 334 873 καί
374 833 426 871 ου’
463 831 567 883 λέγω
597 827 643 870 τὸ
677 829 835 882 πλῆθος
872 831 954 869 τῶν
991 828 1277 871 πεπονθότων·
1334 830 1387 871 ου’
1413 827 1702 884 προσάπτομαι
1718 841 1762 875 10

258 901 330 950 τῆς
358 897 581 950 ποιότητος·
640 895 716 935 ου’κ
745 895 960 947 ἐκτίθεμαι
990 893 1039 936 τά
1068 896 1160 936 κατ’
1187 898 1352 937 ἐκείνων
1380 894 1704 948 συμπλάσματα·

259 961 309 1005 οὗ
348 963 626 1018 περιηγοῦμαι
665 960 844 1013 τρόπους
881 957 909 1014 ἢ
936 961 1087 1009 τόπους
1129 963 1225 1002 καθ’
1262 960 1334 1010 οὓς
1372 963 1444 1004 καί
1484 958 1595 1010 ὅπως
1632 977 1703 1003 πε-

257 1031 432 1084 ρανθείη
478 1026 521 1068 τὸ
559 1024 709 1077 κακόν,
740 1027 817 1067 ου’κ
849 1020 950 1067 ἄλλο
979 1029 1166 1068 τοιοῦτον
1195 1023 1340 1079 οὗδέν,
1367 1026 1425 1081 μῆ
1458 1027 1530 1070 καί
1555 1028 1704 1083 ἀηδίας

257 1092 510 1150 οἷναταροῖξω
538 1093 756 1147 βόρβορον.
814 1093 943 1133 ἐκεῖνο
970 1090 1098 1144 μόνον
1125 1094 1244 1146 λέγω,
1274 1092 1332 1141 ὥς
1358 1093 1577 1147 ἦρίστευεν
1597 1093 1703 1149 α’λη-

257 1160 397 1203 θεόων
440 1159 509 1201 ἐπὶ
547 1160 599 1215 τῇ
639 1157 741 1212 πρὸς
780 1158 874 1206 τοὺς
905 1155 1023 1206 υἱούς
1050 1157 1299 1211 ὑποσχέσει·
1358 1159 1410 1199 ου’
1440 1161 1596 1200 πολλοῦ
1619 1159 1698 1214 γὰρ
1714 1165 1755 1198 15

253 1230 413 1270 ἐνέλιπε
443 1228 630 1279 ψιλῶσαι
673 1223 909 1276 ἀνθρώπων
951 1221 1154 1272 ἐπιδόξων
1183 1221 1259 1277 την
1282 1223 1572 1277 μεγαλόπολιν.
1629 1228 1700 1266 καὶ

254 1290 364 1335 οὕτω
391 1294 468 1346 μὲν
497 1289 601 1333 κατὰ
634 1289 798 1331 πάντων
818 1287 971 1337 αὐτός·
1002 1284 1110 1342 ἦσαν
1130 1289 1176 1329 δὲ
1194 1290 1284 1329 οὐδ’
1314 1287 1352 1330 οἱ
1382 1289 1528 1338 πάντες
1557 1289 1700 1331 α’πεοι·

253 1358 371 1407 κότες
411 1361 568 1400 ἐκείνου
606 1354 706 1409 πρός
733 1370 779 1409 γε
819 1353 865 1396 τὸ
914 1360 1048 1407 μῖσος.
1112 1353 1360 1408 μισούμενοι
1400 1353 1482 1409 γὰρ
1516 1356 1700 1411 ἐφιλοτι-

252 1427 406 1479 μοῦντο
451 1424 706 1475 ἀντιμισεῖν,
746 1422 821 1462 ου’κ
848 1421 1121 1474 εὐαγγελικῶς
1150 1422 1240 1474 μέν,
1271 1420 1374 1463 κατά
1407 1420 1623 1475 βασιλικὸν
1651 1423 1698 1464 δὲ

250 1494 380 1532 ἐκεῖνο
420 1491 698 1544 παράδειγμα.
754 1486 827 1528 καί
863 1489 1125 1540 συλλεγέντες
1165 1488 1216 1542 τῇ
1261 1488 1400 1544 οἶμύνῃ
1436 1486 1536 1539 πρός
1571 1502 1610 1529 τι
1652 1485 1752 1529 ἓνῐὶθ

251 1559 358 1610 δρᾶν
395 1553 548 1610 ἤθελον
587 1557 657 1596 καί
695 1555 934 1595 ἀντιλυπεῖν
973 1553 1046 1594 τὸν
1085 1552 1356 1607 κατάρξαντα.
1419 1548 1526 1607 ἦσαν
1563 1554 1609 1594 δὲ
1648 1555 1694 1596 ἑν

249 1629 333 1674 τοῖς
365 1625 495 1677 δρῶσι
526 1619 630 1676 πρὸς
659 1615 836 1673 ἄμυναν,
867 1615 929 1661 ὅτι
950 1619 1024 1660 καί
1049 1620 1093 1660 ἐν
1120 1625 1206 1668 τοῖς
1223 1622 1425 1672 παθοῦσι,
1452 1621 1524 1660 καί
1551 1617 1590 1660 οἱ
1618 1622 1694 1674 τῆς

337 1734 371 1768 8.
402 1732 504 1781 αὐτὴ,
533 1729 667 1771 euhoe?

337 1842 395 1874 Fit
426 1839 555 1874 deiude
592 1839 698 1873 homo
725 1840 789 1872 ille
814 1839 851 1872 in
878 1838 954 1871 dies
992 1837 1202 1877 immanior,
1229 1836 1364 1870 bestiae
1390 1837 1542 1871 induens
1579 1843 1687 1871 natu-

247 1900 332 1922 ram.
383 1888 484 1933 quasi
519 1891 639 1920 autem
672 1887 755 1920 satis
789 1897 862 1918 non
900 1885 1072 1917 firmasset
1105 1884 1291 1929 imperium
1326 1889 1381 1918 tot
1404 1885 1568 1931 talesque
1593 1886 1686 1919 viros

245 1935 394 1969 eximios
428 1935 556 1980 partim
592 1933 637 1966 ad
673 1934 806 1966 inferos
837 1931 1085 1972 amandando,
1113 1931 1241 1976 partim
1278 1931 1474 1964 amovendo
1499 1932 1594 1972 alio,
1618 1931 1684 1965 ad-

245 1984 330 2015 iecit
365 1982 470 2016 etiam
501 1981 590 2014 alios
635 1980 935 2019 innumerabiles,
977 1984 1109 2012 temere
1135 1978 1419 2023 comprehensos,
1443 1990 1516 2012 non
1539 1984 1686 2025 propter

242 2041 365 2063 verum
391 2027 539 2075 aliquod
563 2027 706 2067 crimen,
737 2026 799 2059 sed
823 2027 1001 2071 affingens,
1027 2037 1118 2071 quae
1145 2026 1290 2058 ficturus
1317 2030 1410 2059 esset
1434 2024 1600 2059 adversus
1626 2026 1683 2059 vi-

242 2089 304 2110 vos
321 2102 330 2118 ‚
367 2076 428 2121 qui
456 2075 553 2108 solus
578 2075 697 2107 vivere
726 2074 837 2107 vellet
863 2078 1010 2118 propter
1032 2073 1174 2109 insitam
1201 2072 1379 2118 quandam
1402 2083 1422 2104 a
1455 2077 1583 2105 natura
1619 2084 1683 2106 su-

243 2124 459 2169 spicionem,
501 2132 592 2168 quae
624 2121 681 2153 illi
709 2121 817 2154 infixa
854 2120 1025 2154 haerebat
1061 2125 1211 2165 propter
1234 2130 1300 2159 ea,
1327 2130 1418 2164 quae
1442 2119 1519 2164 ipse
1543 2130 1683 2165 semper

242 2171 389 2204 molitus
431 2174 506 2202 erat
541 2167 708 2201 adversus
735 2169 896 2213 priores:
922 2167 1017 2201 unde
1043 2178 1164 2200 omnes
1199 2171 1281 2211 post
1306 2166 1423 2210 ipsum
1446 2166 1682 2211 imperaturos

244 2216 498 2263 suspicabatur.
547 2226 622 2248 non
638 2214 752 2248 dicam
773 2214 1041 2248 multitudinem
1065 2224 1198 2253 eorum,
1225 2214 1288 2257 qui
1313 2213 1530 2258 supplicium
1560 2213 1683 2247 subie-

245 2270 346 2308 runt5
371 2275 444 2297 non
470 2262 639 2306 attingam
661 2262 828 2305 virtutes;
855 2273 927 2295 non
952 2271 1126 2306 exponam
1158 2260 1240 2292 ficta
1264 2261 1302 2292 in
1329 2271 1390 2292 eos
1409 2260 1579 2302 crimina;
1606 2271 1682 2294 non

244 2311 429 2357 explicabo
469 2308 593 2343 modos
622 2310 785 2350 locosve,
820 2309 950 2353 quibus
989 2309 1125 2342 facinus
1148 2312 1326 2352 patratum
1355 2312 1428 2347 est,
1453 2318 1520 2340 nec
1543 2307 1614 2340 alia
1641 2307 1681 2341 id

242 2370 374 2403 genus,
399 2369 446 2391 ne
472 2355 628 2390 eruendo
659 2367 771 2389 coeno
793 2355 952 2389 taedium
988 2365 1172 2389 moveam:
1198 2352 1267 2387 hoc
1295 2359 1433 2387 tantum
1453 2353 1548 2395 dico,
1574 2365 1681 2399 prae-

241 2406 333 2438 clare
359 2416 440 2438 eum
473 2404 611 2438 stetisse
645 2403 714 2444 iis,
741 2414 832 2449 quae
867 2403 952 2436 filiis
976 2402 1197 2447 promiserat.
1270 2401 1403 2434 etenim
1433 2412 1506 2434 non
1526 2401 1679 2434 multum

241 2452 367 2492 abfuit,
394 2452 482 2498 quin
507 2462 526 2483 a
549 2450 632 2484 viris
655 2450 855 2483 illustribus
881 2461 1027 2483 vacuam
1054 2448 1176 2481 urbem
1202 2447 1345 2481 faceret.
1397 2459 1479 2492 ergo
1504 2448 1585 2481 talis
1613 2447 1678 2481 ille

240 2499 405 2532 adversus
445 2508 566 2531 omues
601 2502 695 2530 erat:
738 2509 803 2529 nec
837 2508 920 2530 vero
959 2496 997 2529 hi
1039 2495 1228 2528 dissimiles
1263 2494 1359 2528 odio.
1410 2505 1564 2540 namque
1589 2493 1675 2527 odio

238 2546 351 2579 habiti
390 2545 576 2578 ambitiose
612 2544 680 2589 ipsi
726 2544 877 2577 invicem
920 2543 1003 2577 odio
1054 2541 1258 2581 habebant,
1300 2553 1373 2574 non
1411 2546 1455 2575 ex
1492 2541 1676 2585 evangelio

238 2592 383 2637 quidem
398 2618 407 2632 ‚
443 2592 504 2625 sed
528 2590 573 2624 ad
597 2591 797 2635 exemplum
821 2590 1098 2635 imperatorium.
1160 2589 1281 2634 itaque
1308 2589 1507 2621 coniunctis
1541 2587 1586 2621 ad
1603 2587 1676 2622 *de-

238 2640 437 2672 sensionem
459 2638 617 2678 viribus,
643 2649 714 2684 quo
747 2649 856 2670 unum
889 2635 1027 2682 aliquid
1058 2641 1214 2680 agerent,
1241 2637 1348 2668 etiam
1369 2646 1495 2668 vexare
1519 2634 1673 2668 vicissim

238 2697 330 2728 eum,
352 2687 413 2732 qui
439 2690 605 2731 coeperat
619 2695 757 2726 vexare,
789 2683 969 2718 volebant·
1020 2689 1120 2717 erant
1144 2688 1263 2716 autem
1278 2683 1316 2716 in
1343 2683 1398 2724 iis,
1422 2682 1486 2728 qui
1509 2681 1673 2727 agebant,
