1838 3132
529 163 1020 207 CHRONOGRAPHiA.
1407 163 1498 208 179

51 265 126 320 τήν
154 277 199 304 τε
227 261 452 317 Ῥωμαίων
494 264 609 320 νίκην
649 262 723 306 καί
757 262 835 318 τήν
872 260 1035 307 ἑαυτῶν
1075 262 1345 319 πανώλεθρον
1373 263 1503 307 κατά-

56 345 223 372 πτωσιν.

161 397 333 449 Σέργιος
360 397 407 438 δὲ
436 394 662 451 στρατηγὸς
690 396 879 443 Σικελίας
907 394 1093 444 α’κοὸσας
1122 390 1187 439 ὅτι
1217 394 1254 438 οἱ
1278 395 1506 452 Ἀγαρηνοί

51 462 305 516 ε’κπορθοῦσι
331 461 409 518 τὴν
436 463 568 515 πόλιν,
595 459 748 514 ἔστεφε
777 464 955 514 βασιλέα
983 463 1029 503 ἐκ
1049 463 1132 504 ταῖν
1162 462 1397 519 ἀνθρώπων
1427 462 1506 504 αὖ-

18 529 128 573 5τοῦ
154 527 327 579 ὀνόματι
367 530 608 581 Βασίλειον,
640 520 675 584 ᾧ
717 525 937 580 ἐπώνυμον
977 527 1297 583 Ὀνομάγουλος,
1326 519 1504 583 ποιήσας

49 593 124 635 καί
158 593 367 649 προβολάς
396 591 626 647 ἀρχόντων.
686 590 707 633 ὅ
732 594 778 634 δὲ
806 591 1008 645 βασιλεῦς
1035 595 1169 636 ταῦτα
1191 594 1374 644 οἰκούσας
1400 596 1504 636 α’πέ-

49 664 211 702 στειλεν
235 662 367 702 ἐκεῖσε
406 661 583 702 Παῦλον
620 655 726 713 μετὰ
763 657 992 700 κελεύσεων
1026 659 1099 701 καί
1125 661 1288 702 στόλου.
1343 658 1505 714 μαθόν-

49 740 115 774 τες
144 720 216 767 οὖν
248 725 284 767 οὶ
310 727 558 767 Σικελιῶται
590 721 657 766 ὅτι
693 725 1069 781 κατετροπώθησαν
1101 724 1140 767 οἱ
1169 725 1409 781 Σαρακηνοὶ
1434 727 1507 768 καί

49 791 434 846 Λέωνβασιλεύει,
455 789 525 834 τόν
553 807 597 833 τε
625 794 848 834 Βασίλειον
877 791 949 832 καί
980 790 1076 841 τούς
1105 791 1276 842 λοιποὺς
1297 788 1505 847 ἄρχοντας

0 856 374 914 [Οπαραδεδώκασι
400 859 455 913 τῷ
471 857 646 915 Παύλῳ,
678 858 751 900 καί
776 855 934 905 πάντας
962 857 1070 911 ὁμοῦ
1099 857 1170 900 ἐπὶ
1186 858 1230 900 τὸ
1264 857 1366 901 αὐτὸ
1397 860 1504 901 οἷπε-

47 921 359 980 κεφάλισενοῗς
390 925 612 978 α’ντάρτας.
672 924 860 979 Νικήτας
900 926 946 966 δὲ
976 923 997 965 ὁ
1032 927 1245 979 πατρίκιος
1277 923 1299 966 ὅ
1329 922 1504 972 Ξυλινί-

49 1004 123 1044 της
151 989 259 1043 μετὰ
289 991 361 1031 καί
386 987 542 1043 ἑτέρων
565 991 794 1044 πατρικίων
824 988 897 1030 τὸν
923 992 1120 1045 Τέρβελιν
1148 990 1220 1032 διὰ
1246 992 1505 1046 γραμμάτων

45 1056 120 1098 καί
147 1057 310 1098 πολλῶν
350 1055 497 1110 δώρων
524 1058 597 1097 καί
619 1056 847 1111 χρημάτων
888 1056 1185 1109 δεξιωσάμενοι
1214 1057 1505 1112 παρώρμησαν

48 1124 188 1163 ἐλθεῖν
218 1120 321 1164 κατά
351 1124 533 1170 Λέοντος
554 1139 564 1148 ·
634 1119 712 1172 οὕς
738 1132 848 1171 τινες
885 1124 968 1164 τῶν
996 1121 1256 1177 Βουλγάρων
1284 1121 1503 1178 προδεδώ-

0 1198 33 1232 15
46 1204 143 1230 κασι
171 1188 532 1245 καταμηνύσαντες
570 1188 630 1246 τῷ
665 1192 863 1245 βασιλεῖ’,
885 1188 956 1231 καί
995 1186 1155 1238 πάντας
1194 1187 1239 1231 ἐν
1274 1186 1390 1247 φόνῳ
1417 1206 1502 1243 μα-

43 1253 202 1310 χαίρας
230 1255 411 1297 α’νεῖλεν.

145 1317 324 1374 ’Ἑστεψε
344 1322 390 1362 δὲ
406 1324 726 1364 Κωνσταντΐνον
748 1320 842 1363 υἱὸν
859 1322 990 1363 αὐτοῦ
1019 1321 1041 1362 ὅ
1074 1321 1202 1370 αιῖτὸς
1231 1323 1356 1364 Λέων
1384 1323 1428 1363 ἐν
1447 1323 1503 1377 τῷ

44 1388 319 1445 τριβουναλίῳ
347 1389 430 1428 ταῖν
457 1389 676 1429 δεκαεννέα
716 1389 959 1441 α’κουβίτων.
1005 1386 1199 1441 ἐβάπτισε
1228 1389 1273 1429 δὲ
1317 1388 1501 1442 α’ναγκα-

45 1455 154 1501 στῶς
182 1455 255 1495 καί
274 1451 372 1502 τούς
395 1450 624 1508 Ἐβραίους,
647 1451 751 1496 ὥστε
773 1457 969 1508 λέγεσθαι
989 1453 1128 1495 ἔκτοτε
1156 1453 1252 1501 τοὺς
1283 1451 1501 1509 Ἑβραίους

0 1519 399 1571 εοκαί111οντάνους.
450 1517 642 1575 Ἰωάννην
667 1536 710 1562 τε
737 1519 808 1562 τὸν
830 1517 1120 1575 Δαμασκηνόν,
1148 1518 1192 1561 ὃν
1217 1517 1501 1575 Χρυσορρόαν

43 1585 217 1627 ἐκάλουν
237 1583 404 1639 διά,τὴν
423 1586 745 1640 ἐνυπάρχουσαν
764 1582 876 1643 αὐτῷ
894 1589 1060 1641 σοφίαν,
1083 1587 1270 1638 ἑξορίσας
1287 1585 1498 1639 ΖΙῖΙανσούρ

42 1648 331 1707 ἐπωνόμασεν,
361 1649 382 1692 ὃ
407 1650 493 1693 ἔστι
518 1652 781 1708 βλάσφημον.
824 1649 1115 1708 ὲνυμφεύσατο
1143 1653 1190 1693 δὲ
1217 1654 1276 1696 εἰς
1305 1648 1378 1692 τὸν
1406 1649 1501 1693 υἱὸν

45 1719 359 1760 Κωνσταντῖνον
378 1716 454 1772 τὴν
470 1720 682 1773 θυγατέρα
703 1719 776 1760 τοῦ
789 1719 974 1773 χαγάνου
993 1719 1070 1759 τοῦ
1084 1719 1260 1760 Σκυθῶν
1274 1716 1497 1770 δυνάστου,

45 1925 213 1958 veniente
237 1930 274 1958 et
299 1925 434 1970 ingenti
470 1931 575 1959 vento
607 1937 728 1959 omnes
758 1938 850 1972 aqua
875 1931 957 1960 sunt
980 1925 1126 1960 obtecti.
1175 1929 1317 1970 praeter
1343 1924 1489 1970 opinio-

45 1984 126 2005 nem
151 1971 195 2004 de
238 1972 327 2006 1800
352 1973 500 2006 navibus
533 1974 554 2008 5
581 1979 719 2007 tautum
753 1979 835 2007 sunt
861 1978 1034 2015 servatae,
1059 1983 1150 2019 quae
1175 1974 1412 2005 Romanorum
1436 1972 1493 2006 vi·-

45 2019 189 2052 ctoriam
214 2030 383 2065 suamque
410 2021 545 2053 cladem
587 2021 850 2053 renunciarunt.

138 2066 277 2110 Sergius
302 2073 434 2109 autem,
461 2068 532 2101 dux
557 2067 711 2107 Siciliae,
742 2079 850 2113 quum
879 2067 1057 2109 Agarenos
1083 2066 1254 2100 audiisset
1278 2064 1401 2098 urbem
1426 2064 1490 2098 de-

45 2113 187 2153 levisse,
229 2113 409 2147 hominem
450 2115 627 2160 quendam
655 2127 674 2147 e
696 2116 781 2155 suis,
822 2114 1008 2155 Basilium,
1035 2114 1091 2146 cui
1117 2112 1328 2157 Onomaguli
1345 2122 1491 2155 vcogno-

46 2171 138 2200 men,
163 2170 278 2204 regem
303 2163 500 2203 coronavit,
524 2168 560 2195 et
587 2162 810 2206 magistratus
837 2161 958 2205 elegit.
1018 2159 1075 2193 his
1101 2162 1288 2206 compertis
1315 2170 1375 2192 rex
1397 2160 1489 2192 Pau-

46 2207 118 2239 lum
145 2218 223 2239 cum
248 2209 350 2241 iussis
377 2214 413 2242 et
438 2210 593 2243 exercitu
621 2221 662 2242 eo
689 2210 794 2242 misit.
836 2208 947 2242 Siculi
965 2212 1095 2248 autem,
1119 2206 1180 2240 uhi
1207 2207 1399 2240 Saracenos
1427 2206 1489 2239 fu-

45 2255 136 2297 gisse
163 2253 377 2289 audiverunt
401 2262 436 2289 et
462 2268 607 2301 regnare
636 2256 828 2297 Leontem,
853 2255 1022 2288 Basiliam
1061 2259 1098 2288 et
1123 2254 1280 2299 reliquos
1304 2253 1488 2297 magistra-

45 2307 103 2334 tus
134 2301 241 2334 Paulo
283 2302 514 2342 tradiderunt,
544 2304 606 2349 qui
642 2303 809 2336 omnibus
838 2309 877 2336 ut
912 2300 1152 2334 defectoribus
1180 2301 1294 2345 capita
1319 2299 1484 2333 abscidit.

45 2348 188 2381 Nicetas
212 2349 379 2394 patricius
405 2350 580 2394 Xylinites
616 2362 692 2383 cum
719 2351 799 2383 aliis
834 2349 989 2395 patriciis
1021 2347 1193 2382 'rerbelin
1219 2348 1351 2388 literis,
1381 2346 1484 2379 donis

45 2400 83 2428 et
110 2406 196 2428 auro
220 2393 353 2429 hortati
375 2403 457 2432 sunt
480 2404 604 2432 contra
633 2399 802 2431 Leontem
828 2407 971 2440 surgere
997 2401 1033 2429 et
1050 2395 1245 2440 proficisci;
1271 2406 1332 2428 eos
1357 2405 1376 2427 e
1402 2394 1485 2426 Bul-

47 2444 138 2487 garis
166 2442 312 2488 quidam
335 2444 538 2479 indicarunt
562 2451 598 2479 et
625 2445 863 2485 tradiderunt,
887 2454 1019 2488 eosque
1044 2441 1161 2487 gladio
1186 2441 1379 2476 interemit.

133 2489 406 2524 Constantinum
441 2492 551 2525 filium
592 2493 660 2525 Leo
694 2493 731 2525 in
756 2491 928 2525 tribunali
966 2488 1008 2523 19
1032 2488 1253 2523 acubitorum
1291 2486 1484 2521 coronavit.

46 2536 140 2569 idem
169 2536 349 2570 Hebraeos
385 2538 419 2571 vi
448 2539 663 2584 baptizavit,
690 2545 729 2572 ut
768 2538 852 2572 inde
890 2536 1043 2570 Hebraei
1076 2536 1278 2570 dicerentur
1309 2534 1484 2567 Montani.

45 2585 210 2616 Ioannem
228 2584 497 2626 Damascenum,
525 2597 629 2631 quem
648 2585 895 2629 Chrysorroam
918 2589 1063 2629 propter
1085 2583 1295 2628 sapientiam
1320 2581 1485 2626 appella-

45 2630 142 2671 bant,
169 2631 334 2673 relegavit
353 2632 471 2665 Masur
495 2644 573 2665 eum
594 2633 727 2674 dicens,
755 2631 850 2679 qnod
876 2637 930 2664 est
945 2631 1003 2664 dei
1028 2631 1255 2664 conviciator.
1307 2628 1485 2661 Constan-

46 2677 122 2709 tino
147 2677 219 2711 filio
246 2677 414 2722 Chagani‚
440 2678 645 2722 Scytharum
673 2681 856 2724 principis,
892 2678 1000 2711 filiam
1027 2678 1063 2710 in
1086 2675 1346 2710 matrimonium
1373 2673 1484 2714 dedit,

48 2723 283 2758 Christianam
310 2737 385 2761 eum
411 2726 541 2759 faciens
566 2732 600 2760 et
624 2728 750 2760 Irenen
777 2726 982 2769 nominans3
1009 2736 1100 2770 quae
1127 2735 1236 2770 quum
1262 2732 1394 2756 sacram
1418 2720 1484 2755 do-
