1806 3158
605 135 1089 180 CHRONOGRAPHIA.
1491 141 1511 181 1
1522 139 1547 183 7

120 229 234 286 λήνη,
258 230 282 286 ἦ
315 233 548 288 καλουμένη
581 234 920 291 Πελοπόννησος,
945 236 1167 293 Ἀρκαδιῖι,
1190 237 1449 294 Ἠπειρῶτις,
1475 239 1551 282 Ἰλ·

119 298 250 351 λυρίς,
280 301 509 351 Λυχνῖτις,
539 299 762 353 Ἀδριακὴ,
791 301 867 356 ἀφ’
896 298 943 357 ἧς
971 301 1017 344 τό
1049 306 1224 358 πέλαγος
1250 303 1294 347 τὸ
1317 303 1550 359 Ἀδριακόν.

117 363 190 404 ἐπὶ
215 363 262 404 δὲ
292 364 406 419 αὐτῷ
442 366 514 405 καί
543 367 661 418 νῆσοι
688 366 806 419 αἵδε,
846 369 1104 424 Βρεττανία,
1142 371 1334 423 Σικελία,
1378 366 1551 425 Εὔβοια,

111 425 266 481 Ῥόδος,
296 431 414 484 Χίος,
434 431 610 482 Λέσβος,
629 430 827 485 Κύθηρα,
856 433 1088 488 Ζάκυνθος,
1114 435 1374 491 Κεφαληνιά,
1400 438 1552 492 Ἰθάκη,

85 497 106 530 5
127 494 322 547 Κέρκυρα
367 495 438 537 καί
478 492 522 536 αἱ
560 495 793 548 Κυκλάδες,
823 498 895 538 καί
930 501 1058 553 μέρος
1087 516 1128 542 τι
1155 502 1227 556 τῆς
1250 501 1397 551 Ἀσιάς
1425 499 1451 558 ἦ
1478 518 1552 543 κα-

118 562 296 614 λουμένη
325 559 470 601 Ἰωνία.
525 558 708 612 ποταμὸς
744 563 779 602 δ’
809 560 922 605 ἔστιν
948 565 992 606 ἐν
1016 570 1103 614 τοῖς
1131 566 1276 616 αὐτοῖς
1300 570 1446 622 μέρεσι
1479 570 1554 610 Τι’-

117 639 208 678 γρις
237 624 259 664 ὁ
283 625 482 679 ’διορίζων
504 625 659 676 μεταξὺ
688 628 862 680 ΙΙἸηδίας
881 630 974 671 «καί
999 632 1267 683 Βαβυλῶνος.
1325 634 1371 675 ἐκ
1396 635 1445 676 ’δὲ
1471 636 1554 676 τῶν

117 689 192 730 τοῦ
215 687 365 745 Ἰάφεθ
388 688 491 731 υἱῶν
520 690 600 731 α’πό
631 694 710 743 μὲν
733 694 803 733 τοῦ
835 691 972 748 Γόμερ
1004 696 1211 750 Γομαρεῖς
1237 695 1275 739 οἱ
1303 700 1378 740 νῦν
1406 698 1552 741 Γαλά-

117 770 198 809 ται,
225 755 270 796 ἔκ
299 755 345 796 δὲ
371 758 446 796 τοῦ
477 755 650 809 Μαγώθ
682 755 718 798 οἱ
748 760 823 799 νῦν
850 757 1023 815 Σκύθαι,
1051 760 1123 801 καί
1149 761 1228 802 α’πὸ
1259 761 1418 806 Μάδου
1448 767 1552 819 Μῆ-

63 824 105 858 10
117 821 206 874 δοι,
253 821 300 862 ἐκ
328 821 374 861 δὲ
407 815 548 871 Ἴωνος
575 817 716 870 Ἴωνες
753 825 825 864 καί
864 822 901 865 οἱ
940 828 1078 866 λοιποὶ
1106 822 1305 881 Ἕλληνες,
1330 830 1376 883 ἐκ
1405 831 1452 870 δὲ
1476 832 1554 872 τοῦ

117 883 253 938 Θόβελ
283 886 465 940 Θοβηλοί
504 885 543 929 οἱ
575 889 651 928 νῦν
678 883 853 943 Ἴβηρες,
881 888 961 930 ’ἀπὸ
994 892 1040 932 δὲ
1069 894 1233 945 Μεσχῶ
1261 894 1482 949 Μεσχηνοί
1513 894 1553 937 οἱ

114 953 189 991 νῦν
219 951 506 1002 Καππάδοκες,
541 950 605 993 διὸ
637 955 710 995 καί
731 955 920 1005 Μάζακα
950 954 976 1010 ἢ
1003 957 1104 1010 παρ’
1127 956 1264 1007 αὐτοῖς
1284 957 1550 1016 μητρόπολις,

114 1014 197 1056 ἀπὸ
227 1017 274 1058 δὲ
305 1017 424 1072 Θῆρα
466 1019 639 1075 Θρᾷκες,
667 1018 748 1060 ἀπὸ
797 1022 843 1062 δὲ
882 1019 1055 1076 Θάρρου
1085 1023 1266 1076 Θαρσεῖς
1295 1023 1334 1066 οἱ
1365 1027 1443 1067 νῦν
1469 1028 1551 1068 Κί-

114 1069 246 1134 λικες,
295 1082 370 1139 ἀφ’
405 1077 455 1124 οὗ
490 1083 562 1126 καί
604 1083 765 1139 Ταρσὸς
807 1085 832 1140 ἡ
880 1084 994 1142 παρὰ
1039 1089 1181 1138 Κίλιξι
1228 1087 1347 1138 πόλις
1391 1090 1550 1141 ἀξιολο-

60 1154 101 1187 15
113 1145 293 1202 γωτάτη.
1372 1207 1375 1210 ⁴

220 1214 448 1270 Γενομένης
492 1217 538 1257 δὲ
580 1218 652 1271 τῆς
693 1217 950 1272 δηλωθείσης
978 1216 1272 1273 διανεμήσεως,
1300 1218 1319 1261 ὃ
1346 1221 1425 1272 μὲν
1456 1219 1551 1275 Σήμ

111 1275 215 1319 ἔνθα
242 1278 315 1320 καί
353 1278 375 1319 ό
417 1279 553 1334 πατὴρ
596 1281 730 1323 αὐτοῦ
759 1282 1036 1331 κατοικισθείς
1080 1283 1155 1338 την
1181 1287 1252 1338 τῆς
1279 1285 1551 1340 κληρονομίας

110 1344 241 1384 αὐτοῦ
268 1350 419 1398 μοῖραν
448 1347 506 1393 εἰς
547 1347 644 1395 τούς
674 1349 829 1396 παῖδας
865 1350 1110 1400 κατα-τέμνει
1138 1348 1238 1399 τούς
1258 1348 1422 1403 ἑαυτοῦ,
1452 1348 1473 1390 ὅ
1503 1353 1550 1394 δὲ

111 1406 216 1460 Χάμ
245 1405 340 1458 υἱὸς
360 1410 545 1463 Χαναάμ
579 1411 679 1452 ἰδών
709 1411 781 1467 την
809 1411 915 1467 πρὸς
943 1416 1000 1470 τῷ
1031 1413 1206 1472 Λιβάνῳ
1233 1417 1323 1469 γῆν,
1351 1412 1414 1457 ὅτι
1444 1414 1549 1471 ἄγα-

53 1480 98 1514 20
110 1475 164 1528 θη
191 1476 237 1516 τέ
264 1476 353 1516 ἐστι
389 1475 462 1517 καί
490 1471 673 1532 εὔφορος
701 1478 774 1518 καί
807 1477 909 1519 κατὰ
939 1479 1044 1520 πολὺ
1075 1482 1146 1535 τῆς
1173 1477 1327 1522 ἑαυτοῦ
1353 1481 1548 1524 διαλλάτ-

109 1554 254 1592 τουσα,
285 1538 434 1582 αὐτόθι
456 1549 719 1597 κατασκηνοῖ,
748 1546 830 1584 τῶν
859 1546 935 1585 τοῦ
954 1543 1048 1599 Σημ
1071 1544 1243 1598 ἐγγόνων
1266 1546 1420 1601 ταύτην
1446 1547 1548 1588 dno-

106 1604 331 1659 τεμόμενος
374 1606 449 1661 τὴν
489 1613 668 1663 μοῖραν,
713 1610 846 1665 καίτοι
887 1610 962 1651 τοῦ
1001 1611 1159 1665 πατρὸς
1201 1609 1331 1653 αὐτὸν
1368 1611 1548 1654 καὶτῶν

105 1671 298 1729 ἀδελφῶν
325 1671 590 1728 κωλυόντων,
633 1672 707 1715 καί
741 1673 975 1730 ὑπόμνησιν
1005 1677 1300 1730 παρεχομένων
1330 1671 1390 1718 ὧν
1417 1676 1438 1718 δ
1466 1694 1546 1720 πα·

200 1814 255 1852 16.
283 1819 478 1864 γινομένης
503 1817 531 1851 C

105 1944 206 1987 citur,
230 1944 398 1986 Arcadia,
426 1946 599 1991 Epirotis,
624 1946 759 1991 Illyria,
789 1946 996 1991 Lychnitis,
1022 1948 1183 1989 Adriaca,
1207 1948 1301 1982 unde
1324 1948 1542 1983 Adriaticum

103 2003 216 2035 mare3
239 1998 421 2037 praeterea
444 1993 512 2026 hae
529 1993 685 2027 insulae:
714 1993 896 2036 Brittania,
914 1995 1047 2035 Sicilia,
1067 1995 1224 2036 Euboea,
1244 1995 1396 2036 Rhodus,
1421 1995 1542 2037 Chius,

105 2038 250 2080 Lesbus,
275 2039 439 2083 Cythera,
465 2039 678 2083 Zacynthus,
703 2039 938 2086 Cephalenia,
966 2040 1096 2082 Ithaca,
1121 2041 1269 2085 Corcyra
1297 2047 1332 2074 et
1350 2041 1539 2086 Cyclada-33

105 2090 178 2118 tum
203 2086 305 2119 Asiae
331 2097 423 2131 pars,
451 2098 543 2132 quae
566 2092 709 2121 vocatur
736 2088 845 2120 Ionia.
894 2087 1020 2122 fluvius
1045 2093 1099 2121 est
1122 2089 1160 2121 in
1183 2089 1258 2121 eius
1284 2094 1386 2132 parte
1410 2088 1539 2132 Tigris,

102 2133 164 2178 qui
192 2138 246 2166 est
278 2134 447 2167 terminus
487 2135 580 2167 inter
611 2134 768 2167 Mediam
806 2139 844 2167 et
878 2134 1118 2178 Babyloniam.
1180 2146 1223 2167 ex
1261 2135 1344 2168 filiis
1369 2134 1495 2179 Iaphet
1517 2145 1540 2168 a

101 2180 234 2211 Gomer
259 2181 326 2214 orti
354 2186 437 2213 sunt
463 2180 650 2221 Gomares,
685 2182 748 2225 qui
774 2191 868 2214 nunc
893 2182 1043 2214 Galatae
1083 2182 1323 2222 nominantur,
1348 2192 1367 2213 a
1393 2180 1539 2224 Magoth

101 2225 251 2268 Scythae
281 2232 317 2260 et
341 2238 359 2259 a
384 2227 490 2260 Mado
522 2226 641 2270 Medi3
667 2227 712 2260 ab
739 2229 824 2260 Ione
848 2228 952 2260 Iones
995 2232 1032 2261 et
1056 2229 1164 2261 ceteri
1188 2228 1325 2268 Graeci,
1349 2239 1368 2260 a
1393 2227 1540 2261 Thobel

100 2271 276 2312 Thobeli,
312 2274 374 2319 qui
409 2274 515 2307 hodie
540 2275 678 2315 Iberes,
721 2285 740 2307 a
767 2273 912 2307 Mescho
944 2273 1148 2315 Mescheni,
1181 2275 1242 2318 qui
1278 2286 1372 2307 nunc
1397 2274 1539 2319 Cappa-

101 2317 218 2359 doces,
245 2319 341 2353 unde
371 2322 475 2353 etiam
501 2322 663 2362 Mazaca,
701 2331 823 2354 eorum
858 2322 1090 2366 metropolis;
1121 2331 1140 2353 a
1167 2320 1286 2354 Thera
1311 2320 1489 2360 Thraces,
1516 2331 1537 2352 a

100 2364 235 2399 Tharro
260 2366 422 2408 Thai-ses,
447 2367 557 2401 hodie
582 2367 719 2408 Cilices,
747 2367 841 2400 unde
866 2368 971 2400 etiam
994 2367 1137 2409 Tarsus,
1163 2367 1248 2400 urbs
1272 2367 1422 2401 Cilicum
1447 2367 1536 2400 illu—

100 2411 280 2446 strissima.

189 2458 294 2491 Facta
327 2470 431 2504 quam
470 2460 685 2493 narravimus
723 2459 935 2504 partitione,
967 2459 1047 2493 Sem
1073 2459 1198 2493 eodem
1227 2459 1306 2492 loco
1337 2470 1407 2504 quo
1431 2464 1533 2503 pater

99 2502 319 2537 domicilium
346 2506 483 2548 habuit,
511 2512 558 2548 et,
588 2518 693 2552 quam
720 2507 864 2539 sortitus
889 2511 965 2540 erat
993 2511 1141 2550 partem,
1161 2506 1284 2539 liberis
1308 2507 1382 2538 suis
1407 2504 1532 2538 ‹listri-

98 2549 187 2583 buit.
235 2555 311 2583 tum
337 2551 457 2594 Cham,
483 2554 578 2586 filius
606 2553 797 2594 Chaunum,
821 2564 929 2598 quum
962 2553 1111 2594 videret,
1136 2558 1263 2586 terram
1287 2551 1333 2584 ad
1357 2550 1531 2584 Libanum

98 2596 201 2629 sitam
226 2596 356 2630 bonam
382 2609 456 2630 esse
482 2606 518 2632 et
548 2600 702 2632 fertilem
728 2600 952 2644 multumque
981 2611 1000 2632 a
1027 2610 1088 2633 sua
1116 2599 1268 2639 differre,
1295 2598 1347 2630 ibi
1372 2598 1533 2632 consedit

98 2653 248 2688 eamque
272 2648 405 2688 partem
433 2644 555 2677 liberis
572 2647 651 2678 Sem
675 2647 822 2679 abstulit
843 2647 1000 2691 quamvis
1024 2645 1236 2691 prohibente
1267 2650 1367 2689 patre
1393 2650 1429 2678 et
1456 2646 1529 2678 fra-

98 2689 212 2722 tribus
240 2695 276 2723 et
303 2701 423 2722 eorum
447 2691 687 2733 monentibus,
712 2703 804 2737 quae
827 2693 903 2727 Noe
927 2698 1029 2739 pater
1051 2693 1093 2726 iis
1118 2693 1329 2737 imprecatus
1355 2697 1441 2733 erat,
1468 2692 1532 2737 qui

178 2753 248 2786 Leo
276 2754 547 2789 Grammaticus.
1260 2752 1282 2786 2
