1838 3132
547 118 619 156 DE
657 116 832 157 LEONE
869 115 1088 158 BARDAE
1110 117 1156 156 F.
1475 110 1569 156 359

71 220 75 222 “
121 216 347 269 ἐξέρχεται.
420 213 445 254 ὃ
489 214 538 269 δὴ
569 218 642 258 κατ’
677 217 883 270 ἐποίησεν.
940 217 992 272 τῇ
1032 215 1151 257 νυκτὶ
1179 213 1426 263 α’ποστείλας
1451 218 1571 266 τινας

120 284 292 332 ἐξέωσεν
321 280 451 323 αὐτὸν
492 284 564 337 τῆς
586 284 828 337 .ἐκκλησιάς,
863 283 936 323 καί
963 278 1257 335 καταγαγόντες
1292 278 1400 333 μετὰ
1431 279 1571 338 φόρου

120 345 159 390 οἱ
187 347 490 398 ἀποσταλέντες
518 348 696 404 ἔστησαν
717 350 846 401 μέσον
872 350 945 402 τῆς
972 348 1126 403 ἀγορᾶς
1154 349 1230 389 τοῦ
1253 349 1429 400 Μιλτόυ,
1459 344 1571 398 ὅπως
1585 360 1620 395 Ρ,
1635 357 1704 395 441

119 415 229 462 τινες
257 416 341 456 ταῖν
367 416 637 468 στρατιωτῶν
667 413 964 456 ἀποκτείνωσιν
985 411 1128 455 αὐτόν.
1186 412 1260 455 καὶ
1289 412 1432 469 ἐπειδὴ
1460 412 1571 470 βρά-

87 482 212 524 5διον
240 476 290 535 ἦν
319 484 392 523 καί
418 481 569 530 πάντες
595 477 712 538 ὕπνῳ
741 483 1034 536 κατεφέροντο,
1061 481 1199 529 ου’δείς
1218 480 1443 536 ἐσαλεύθη.
1500 482 1575 523 καί

119 545 369 602 ποιήσαντες
397 546 500 589 uiuet*
525 549 691 601 μιαῗριν,
730 547 805 588 καί
827 547 960 603 μηδὲν
987 544 1214 596 α’νόσαντες
1239 546 1338 601 περὶ
1365 542 1416 589 οὗ
1443 546 1574 601 ἐβού-

118 615 252 666 λοντο,
282 608 390 668 ἦραν
417 613 551 655 αὐτὸν
589 615 751 656 ἐκεῖθεν
788 615 863 655 καί
893 613 1122 668 κατήγαγον
1160 612 1219 661 εἰς
1249 612 1472 668 α’κρόπολιν
1500 614 1575 656 καί

117 678 316 732 βαλόντες
346 681 390 721 ὲν
428 679 581 738 ἀκατίῳ
611 678 794 735 ἔρριψαν
833 682 964 735 πέραν
994 679 1054 728 εἰς
1083 679 1368 733 Χρυσόπολιν.
1425 681 1498 722 καί
1525 680 1570 722 τό

118 746 236 800 πρωῒ
258 744 435 800 ποιήσας
474 749 683 789 σελέντιον
710 743 731 787 ὅ
763 745 856 796 υἱός
885 749 957 800 τῆς
994 745 1204 795 ἀπωλείας
1230 742 1356 788 εἶπεν-
1371 745 1473 801 πρὸς
1499 745 1573 789 τόν

64 811 220 854 maacha
254 810 446 868 “offlaoe‚
480 813 682 870 ἀδελφοί,
722 809 788 855 ὅτι
817 812 839 855 ὅ
869 811 1132 869 πατριάρχης
1162 814 1378 866 παρεάσας
1405 816 1477 867 τῆς
1504 814 1573 855 ἐκ·

117 879 290 934 κλησίας
317 878 607 935 ἀνεχώρησεν,
648 880 757 922 διότι
785 882 978 935 ἐλέγομεν
1008 875 1123 936 αὐτῷ
1149 880 1247 933 περὶ
1277 881 1358 921 τῶν
1390 877 1571 934 εἰκόνων,

117 941 184 987 ὅτι
213 948 349 995 κακῶς
378 949 736 1003 προσκυνοῦνται,
770 948 843 989 καί
869 943 931 988 ὅτι
976 946 1046 987 ὁιὰ
1080 948 1201 987 τοῦτο
1231 943 1282 986 τά
1318 943 1419 1001 ἔθνη
1449 962 1572 1000 κυρι-

117 1011 242 1054 εύουν
269 1012 400 1067 ἡμῶν.
458 1012 590 1062 αὐτὸς
620 1014 666 1054 δὲ
692 1011 750 1067 μὴ
795 1011 905 1067 ἔχων
936 1007 1107 1065 εὔλογόν
1134 1027 1175 1053 τι
1206 1006 1607 1066 ἇπολογήσασθαι,3

115 1078 326 1133 ὀργισθεὶς
351 1081 424 1121 καί
447 1077 657 1132 α’τιμιίσας
683 1079 796 1133 ἡμᾶς
826 1079 1106 1133 α’νεχώρησεν.
1165 1079 1238 1120 καί
1262 1075 1408 1119 λοιπὸν
1439 1077 1570 1132 οἷνοὶγ..

59 1153 190 1200 15κην
226 1143 377 1200 ἔχομεν
417 1148 553 1201 ἓτερον
591 1146 859 1201 πατριάρχην
898 1147 1109 1200 ποιῆσαι..”
1176 1147 1249 1187 καί
1287 1147 1419 1187 ταῦτα
1462 1155 1570 1199 ψευ-

114 1209 294 1265 σάμενος
321 1211 484 1254 ἔπεισεν
516 1212 587 1254 τὸν
617 1214 719 1254 λαόν
748 1210 808 1254 ὅτι
838 1209 1119 1269 παρῃτήσατο.
1178 1214 1251 1254 καί
1277 1209 1328 1266 δη
1358 1214 1568 1265 βουλομέ-

112 1293 188 1319 νου
226 1278 357 1320 adro&
395 1279 569 1333 ποιῆσαι
603 1280 799 1334 Ἰωάννην
837 1282 913 1321 τοῦ
943 1280 1245 1334 Παγκρατίου,
1294 1282 1392 1320 καθ’
1433 1276 1458 1318 ὃ
1495 1278 1570 1320 καὶ

113 1348 394 1397 προσυνὲθετο
425 1342 548 1403 mitrii,
580 1345 814 1400 διεκωλύθη
855 1344 969 1400 παρὰ
997 1348 1080 1387 τῶν
1109 1344 1337 1400 πατρικίων
1364 1343 1565 1399 λεγόντων

113 1407 182 1452 ὅτι
213 1415 303 1462 νέος
331 1413 420 1455 ἐστὶ
444 1413 516 1454 καί
543 1413 722 1469 ἀφανής,
753 1415 826 1454 καί
851 1412 902 1453 οὔ
927 1413 996 1453 δεῖ
1018 1412 1128 1468 ἡμᾶς
1155 1413 1353 1467 γέροντας
1380 1427 1564 1463 προσκν-

54 1483 196 1519 2Ονεῖν
235 1481 308 1521 καί
348 1481 623 1533 προσπίπτειν
667 1478 905 1533 ἔμπροσθεν
947 1479 1105 1520 αὐτοῦ·
1175 1478 1282 1519 α’λλοὶ
1330 1479 1489 1530 μᾶλλον
1518 1478 1564 1519 ἐκ

110 1545 210 1594 τούς
238 1544 430 1600 εὐγενοῦς
469 1546 543 1587 καί
579 1548 782 1601 ἐμφανεῖς
821 1547 895 1587 καί
926 1544 1066 1603 χρόνῳ
1109 1542 1419 1599 προβεβηκότας
1447 1546 1562 1598 γενέ-

111 1615 215 1655 σθω.
249 1612 322 1654 καί
346 1612 396 1668 δη
428 1613 644 1663 ἐπελέξατο
665 1611 872 1654 Θεόδοτον
902 1609 995 1653 υἱὸν
1024 1610 1208 1666 Μιχαὴλ
1238 1610 1456 1665 πατρικίου
1485 1611 1563 1651 τοῦ

203 1732 238 1766 2.
267 1733 421 1777 φορείου
447 1741 564 1774 margo
590 1731 613 1763 P

112 1841 163 1874 ita
187 1839 293 1879 fecit,
319 1839 513 1871 summissis
538 1843 642 1871 nocte
669 1839 730 1884 qui
772 1838 1005 1884 patriarcham
1034 1838 1206 1871 elicerent
1235 1836 1398 1868 ecclesia.
1449 1846 1556 1882 quare

111 1887 174 1933 qui
200 1887 298 1920 missi
327 1886 487 1925 fuerant,
513 1886 640 1917 lectica
675 1885 909 1931 patriarcham
945 1884 1164 1918 abducentes
1199 1883 1318 1916 medio
1346 1882 1439 1915 Milii
1479 1883 1556 1915 foro

111 1939 306 1974 steterunt,
344 1939 384 1966 ut
407 1944 487 1965 eum
515 1933 668 1965 militum
703 1932 847 1977 quidam
882 1931 1097 1966 occiderent.
1147 1937 1222 1964 erat
1248 1942 1351 1975 porro
1378 1928 1557 1973 profunda

110 1993 194 2022 nox,
224 1992 421 2025 somnoque
446 1981 583 2013 cunctis
609 1979 786 2023 depressis
814 1979 934 2012 nullus
963 1992 1000 2012 se
1024 1980 1146 2012 movit.
1195 1984 1277 2024 post
1307 1977 1459 2010 mediam
1486 1975 1557 2008 ho·-

111 2040 195 2068 rani,
219 2029 256 2062 iu
284 2028 385 2061 nullo
424 2039 577 2072 quorum
602 2032 680 2059 erat
702 2028 871 2059 molimen
905 2028 1152 2071 proficientes,
1178 2027 1339 2059 tulerunt
1364 2034 1443 2055 eum
1471 2022 1555 2055 inde

110 2081 149 2109 et
172 2075 210 2108 in
241 2086 356 2108 arcem
382 2074 628 2114 abduxerunt,
654 2074 826 2119 lintrique
851 2075 1055 2118 impositum
1093 2080 1189 2107 trans
1215 2074 1344 2106 fretum
1367 2070 1414 2103 ad
1441 2068 1556 2112 Chry-

110 2123 264 2167 sopolim
292 2122 485 2167 proiecere.
542 2133 646 2154 mane
670 2122 824 2154 comitiis
855 2121 986 2154 habitis
1013 2121 1108 2154 filius
1132 2120 1343 2165 perditionis
1367 2117 1413 2150 ad
1438 2128 1555 2162 popu-

109 2171 184 2203 lum
214 2180 410 2203 sermonem
440 2168 578 2202 habuit.
626 2168 794 2209 “videtis,
824 2168 958 2207 fratres,
995 2173 1035 2201 ut
1057 2166 1255 2213 patriarcha
1280 2166 1427 2200 ecclesia
1452 2164 1555 2196 dere-

111 2217 196 2249 licta
224 2217 445 2258 discesserit,
481 2216 578 2262 quod
602 2228 681 2249 cuin
718 2228 759 2249 eo
787 2215 830 2248 de
857 2215 1071 2259 imaginibus
1108 2215 1276 2248 fuerimus
1311 2211 1491 2256 collocuti,
1518 2215 1555 2244 et

111 2263 380 2309 exposuerimus
418 2269 564 2309 propter
600 2276 659 2297 eas
693 2275 711 2295 a
746 2263 912 2307 gentibus
944 2274 1008 2296 uos
1042 2262 1160 2306 affligi.
1218 2262 1247 2295 is
1279 2272 1363 2295 vero
1393 2258 1555 2302 responsi

111 2311 261 2354 congrui
286 2310 430 2356 penitus
459 2311 610 2355 ignarus,
642 2312 690 2343 ira
718 2322 885 2355 praeceps
913 2314 948 2342 et
971 2308 1075 2342 nobis
1100 2309 1275 2354 neglectis
1298 2308 1401 2340 abiit.
1441 2305 1552 2338 alium

112 2358 222 2402 igitur
259 2357 495 2402 patriarcham
526 2355 666 2391 'institui
708 2368 852 2390 neccsse
883 2359 968 2389 est.’'
1017 2357 1067 2390 ita
1090 2356 1260 2390 mentitus
1288 2353 1464 2401 persuasit
1486 2363 1555 2397 po-

112 2405 200 2450 pulo
224 2415 302 2437 euin
329 2404 512 2439 abdicasse
537 2418 572 2439 se
599 2405 796 2450 dignitate:
825 2405 992 2437 Ioannem
1013 2404 1146 2449 quippe
1163 2403 1338 2438 Pancratii
1366 2401 1493 2440 filium,
1518 2404 1558 2432 ut

111 2453 210 2497 prius
238 2463 319 2484 cum
353 2463 395 2484 eo
420 2458 542 2497 pactus
571 2458 656 2491 erat,
682 2452 726 2484 ad
752 2450 950 2484 istiusmodi
967 2450 1175 2495 dignitatem
1201 2459 1409 2496 promovere
1434 2445 1558 2479 stude-

111 2499 187 2533 bat.
216 2510 236 2530 a
260 2499 417 2543 patriciis
436 2505 554 2532 tamen
581 2501 618 2532 in
645 2499 738 2532 hunc
766 2509 896 2531 morem
924 2497 1150 2531 monentibus
1173 2496 1374 2542 prohibitus
1389 2499 1454 2527 est.
1478 2493 1560 2526 “iu-

112 2547 211 2579 venis
237 2547 310 2579 ost*
339 2547 553 2592 inquiebant
576 2547 836 2590 “etignoluilis:
863 2556 979 2590 neque
995 2544 1097 2578 decet
1122 2557 1186 2578 nos
1213 2554 1314 2577 senes
1341 2552 1422 2575 eum
1446 2551 1559 2574 vene-

114 2594 181 2626 rari
211 2599 248 2626 et
271 2604 387 2625 coram
407 2604 449 2626 eo
475 2594 671 2638 procidere,
691 2595 779 2638 quin
807 2593 923 2636 potius
950 2604 992 2624 ex
1016 2591 1179 2635 ingenuis
1206 2597 1241 2624 et
1265 2589 1396 2623 illustri
1422 2588 1559 2621 familia

56 2654 62 2658 ·
113 2641 207 2674 natis
236 2645 427 2685 aetateque
452 2642 625 2686 provectis
644 2639 846 2686 patriarcha
871 2641 1151 2684 promoveatur.’'
1176 2650 1252 2670 earn
1278 2637 1324 2670 ob
1352 2647 1422 2669 rem
1435 2634 1558 2669 Theo-

117 2687 239 2721 dotum
264 2687 451 2721 Michaelis
477 2688 617 2733 patricii
647 2687 845 2727 Melissini‚
880 2686 1106 2720 Constantini
1133 2684 1356 2730 imperatoris
1383 2682 1559 2717 Caballini
