1838 3132
622 155 1109 198 CHRONOGRAPHlA.
1505 161 1601 206 227

153 267 270 307 γονεν
298 254 380 295 τῶν
407 254 663 309 πραγμάτων
707 255 1080 300 ἀποκαταστάντων
1106 253 1187 315 ἤδη
1217 258 1322 314 πρὸς
1350 258 1393 303 τό
1424 263 1597 317 εὐσεβέ-

155 333 317 374 στερον.

261 385 353 427 'Em‘
382 385 515 427 αὐτοῦ
539 385 685 429 ἔπεσεν
711 386 736 442 ἦ
763 390 907 443 χρυσῆ
937 391 1077 445 τοῦφα
1105 393 1404 435 ’[ουστινιανοῦ
1429 397 1508 436 τοῦ
1537 400 1603 438 λε-

152 451 328 503 γομένου
369 447 658 505 Αὖγουστέως.
726 454 1054 509 ἀμηχανούντων
1094 459 1141 499 δὲ
1183 460 1370 516 πάντων,
1408 462 1482 503 καί
1515 465 1604 511 πῶς

119 516 370 559 ὃοῖνέλθοιεν
400 519 757 574 διαλογιζομένων,
786 521 940 576 εὑρέθη
969 539 1032 572 τις
1059 525 1276 580 σκαλωτὴς
1304 531 1502 582 τεχνίτης,
1530 531 1605 570 καί

153 582 342 626 ἀνελθών
371 586 416 626 ἐν
441 590 528 634 τοῖς
555 584 752 640 κεράμοις
782 589 854 641 τῆς
878 586 1063 643 μεγάλης
1093 591 1310 646 ἐκκλησίας
1336 593 1457 646 βέλος
1485 595 1602 650 α’φῆ..

151 665 221 691 κεν
245 649 348 702 μετοὶ
381 652 566 705 σχοινίου
600 654 659 702 εἰς
685 652 756 696 τὸν
783 651 960 709 ἱππότην
986 657 1281 699 ’[ουστινιανοῦ
1299 691 1311 709 ,
1338 662 1412 701 καί
1430 662 1506 702 τοῦ
1529 662 1638 713 βέ-Β
1692 695 1696 697 »

153 721 251 764 λους
275 717 474 770 παγέντος
512 716 644 759 ἐκεῖσε
672 718 795 769 αὐτὸς
835 719 907 762 διὰ
943 721 1130 774 σχοινίου
1160 725 1407 778 διαδραμών
1435 724 1602 780 θάμβος

151 783 228 835 μὲν
253 788 339 831 τοῖς
369 782 497 837 ὁρῶσι
534 788 768 839 παρέσχετο
797 787 869 827 καί
899 786 975 840 τὴν
1006 791 1170 844 τοῦφαν
1207 791 1502 845 προσήρμοσεν
1531 795 1604 834 καί

96 846 224 906 ιοτῆχν
261 851 339 891 τοῦ
373 853 581 903 βασιλέως
622 853 883 894 ἐπεσπάσατο
925 851 1116 908 εὔνοιαν,
1161 854 1456 912 φιλοτιμηθείς
1483 857 1599 914 παρὰ

148 919 221 956 τοῦ
246 918 454 969 βασιλέως
482 919 735 971 νομίσμασιν
761 916 918 961 ἑκατόν.

260 983 415 1039 Στέφει
444 984 491 1024 δὲ
535 983 742 1040 Θεόφιλος
770 983 842 1026 τόν
869 984 963 1026 υἱὸν
991 986 1126 1028 αὕτοῦ
1155 986 1338 1042 ῙΠιχαῆλ
1368 990 1413 1031 ἐν
1443 992 1496 1046 τῇ
1525 1004 1598 1043 με-

146 1047 251 1107 γάλῃ
280 1050 487 1107 ἐκκλησίᾳ.
545 1051 824 1093 κατεσκεύασε
853 1054 898 1094 δὲ
928 1055 1081 1104 ’ξενῶνα
1110 1051 1181 1095 τόν
1207 1053 1280 1096 νῦν
1310 1057 1388 1106 μὲν
1415 1054 1463 1097 τὰ
1496 1058 1600 1099 Θεο-

147 1118 274 1171 φίλου
305 1113 538 1170 λεγόμενον.
569 1116 649 1171 πρὸ
684 1118 729 1158 δὲ
758 1120 830 1171 τῆς
860 1120 992 1160 αὐτοῦ
1020 1121 1211 1174 τελευτῆς
1242 1119 1263 1160 ὃ
1292 1120 1496 1176 θεομισής
1523 1117 1602 1162 οὗ·

90 1187 133 1222 15
146 1196 211 1231 τος
233 1181 435 1235 βασιλεὺς
462 1183 617 1238 βουλὴν
637 1187 832 1239 μεγίστην
863 1185 1141 1238 ποιησάμενος
1167 1185 1275 1238 μετὰ
1295 1189 1380 1228 τῶν
1409 1186 1602 1243 ὁμοφρά-

145 1264 228 1290 νων
257 1249 389 1290 αότοῦ
416 1249 515 1302 περί
544 1247 765 1305 Θεοφόβου
798 1252 871 1292 τοῦ
901 1254 1091 1306 Πέρσου,
1133 1251 1190 1301 (ὃς
1218 1249 1279 1294 ὅτι
1310 1253 1466 1308 πολλὴν
1499 1252 1602 1307 ἀγά-

121 1331 225 1369 ,πην
252 1312 422 1368 ἔχουσιν
462 1317 534 1357 καί
574 1319 712 1358 πίστιν
753 1315 881 1358 αὐτὸν
910 1317 1018 1358 οἵτε
1057 1316 1130 1358 ὑπ’
1161 1318 1290 1360 αιῖτὸν
1317 1321 1501 1372 Πέρσαι,
1527 1322 1600 1361 καί
1613 1327 1661 1361 38

141 1381 292 1435 μήπως
331 1380 436 1433 ἐμοῦ
476 1382 800 1435 τελευτήσαντος
825 1383 1086 1438 μελετήσωσι
1126 1386 1354 1438 τυραννίδα
1385 1385 1488 1426 κατὰ
1517 1387 1591 1427 τοῦ
1611 1390 1639 1424 C

144 1447 251 1499 ἐμοῦ
277 1446 426 1496 παιδὸς
455 1446 604 1502 νηπίου
636 1443 747 1497 ὄντος
783 1448 857 1489 καί
879 1451 949 1503 τῆς
977 1449 1188 1503 γυναικός,
1215 1450 1464 1499 ἀποστείλας
1494 1450 1597 1505 α’νή-

82 1522 266 1566 2ογαγεν
307 1513 525 1569 Θεόφοβον
550 1515 610 1563 εἷς
646 1512 693 1555 τὸ
735 1513 939 1556 παλάτιον
977 1515 1050 1556 καί
1075 1511 1164 1569 εἶχε
1194 1520 1284 1568 μετ’
1314 1518 1460 1559 αὐτοῦ.
1517 1521 1599 1570 βα-

141 1580 365 1634 ρυνθείσης
406 1581 454 1621 δὲ
506 1582 581 1634 τῆς
610 1578 735 1622 νόσου
775 1583 993 1635 καθεῖρξεν
1026 1581 1239 1637 Θεὸφοβον
1268 1584 1312 1624 ἐν
1337 1589 1429 1632 ταῖς
1459 1585 1598 1636 καμά-

141 1659 235 1696 ραις
261 1647 337 1686 τοῦ
364 1648 684 1695 Βουκολέοντος.
751 1649 831 1688 τῶν
873 1649 917 1688 δὲ
957 1648 1142 1700 Περσῶν
1181 1647 1484 1702 ἐπιζητούντων
1513 1650 1596 1691 αὕ-

138 1708 226 1762 τόν,
255 1711 302 1752 τί
324 1706 408 1767 ἄρα
435 1714 612 1767 γέγονεν,
644 1711 894 1762 ἀποστείλας
921 1714 972 1770 τῇ
1000 1715 1118 1756 νυκτί
1145 1711 1166 1754 ὁ
1195 1714 1392 1767 βασιλεύς
1414 1719 1595 1771 Πετρω-

138 1877 297 1920 exstitit,
323 1877 428 1913 rebus
466 1880 537 1913 iam
569 1881 606 1914 in
630 1881 815 1914 meliorem
855 1885 986 1914 statum
1024 1886 1061 1915 et
1097 1881 1268 1916 maiorem
1298 1883 1470 1928 pietatem
1494 1897 1591 1918 com-

137 1925 276 1971 positis.

230 1973 314 2006 Eius
339 1978 499 2018 tempore
525 1972 569 2006 ad
594 1974 835 2017 Augustaeum
862 1980 1000 2008 statuae
1033 1976 1221 2009 Iustiniani
1247 1987 1373 2010 aureus
1399 1977 1526 2020 globus
1550 1980 1590 2012 in

136 2021 266 2052 terram
293 2019 446 2063 decidit3
474 2021 683 2067 cunctisque
722 2023 859 2062 anxiis,
886 2028 922 2055 et
946 2023 1126 2068 quomodo
1151 2023 1196 2056 ad
1221 2024 1360 2057 culmen
1387 2025 1478 2058 illud
1504 2037 1590 2058 con-

137 2066 347 2100 scenderent
371 2066 679 2113 disceptantibus,
718 2070 848 2101 artifex
886 2069 1031 2115 quidam
1061 2069 1304 2103 scandularius
1330 2071 1496 2105 iuventus
1525 2078 1590 2114 est,

136 2113 197 2158 qui
214 2124 359 2157 magnae
388 2115 558 2148 ecclesiae
578 2117 779 2148 conscensis
802 2117 930 2160 tegulis
957 2127 1036 2149 cum
1056 2117 1139 2150 fune
1166 2118 1279 2151 telum
1295 2118 1441 2152 immisit
1464 2120 1502 2152 in
1527 2121 1588 2152 Iu-

137 2160 283 2193 stiniani
308 2173 452 2207 equum,
481 2162 663 2208 iufixoque
684 2163 816 2195 ibidem
842 2164 915 2196 telo
955 2164 1031 2208 ipse
1059 2175 1123 2208 per
1149 2165 1270 2198 funem
1299 2177 1488 2199 excurrens
1513 2173 1588 2199 stu-

135 2218 259 2251 porem
297 2210 432 2242 cunctis
470 2210 716 2254 spectantibus
754 2210 940 2250 exhibuit,
966 2217 1002 2243 et
1025 2211 1131 2254 globo
1164 2213 1322 2257 reposito
1359 2214 1583 2258 imperatoris

136 2254 293 2286 animum
319 2255 386 2287 sibi
412 2257 629 2296 conciliavit,
656 2257 880 2290 numismatis
910 2263 1051 2290 centum
1080 2259 1124 2290 ab
1152 2270 1194 2292 eo
1220 2259 1379 2292 donatus.

228 2301 452 2347 Theophilus
480 2309 599 2336 autem
626 2304 739 2336 filium
764 2316 866 2337 suum
899 2304 1109 2338 Michaelem
1136 2306 1174 2338 in
1193 2317 1317 2349 magua
1347 2308 1495 2340 ecclesia
1522 2318 1585 2339 co-

134 2347 297 2390 ronavit3
332 2351 578 2396 exstruxitque
612 2350 809 2396 hospitium
846 2351 1059 2396 recipiendis
1093 2354 1301 2398 peregrinis,
1346 2355 1405 2398 qui
1437 2355 1512 2386 eius
1540 2353 1582 2387 de

132 2395 278 2427 nomine
313 2395 507 2441 Theophili
549 2397 690 2431 dicitur.
753 2405 836 2432 ante
877 2404 1026 2431 mortem
1060 2411 1165 2443 porro
1205 2401 1399 2445 imperator
1425 2401 1487 2433 ille
1512 2400 1579 2433 deo

132 2452 273 2481 exosus,
299 2444 450 2476 maximo
477 2455 555 2477 cum
579 2444 783 2479 hominibus
808 2445 966 2479 eiusdem
990 2448 1188 2479 sententiae
1214 2446 1337 2479 habito
1362 2448 1513 2480 consilio
1536 2447 1581 2481 de

130 2488 233 2521 Persa
260 2489 514 2535 Theophobo,
552 2497 592 2525 ut
630 2493 797 2526 nimirum
837 2492 881 2524 ab
908 2493 994 2537 ipsis
1033 2492 1251 2537 diligeretur,
1287 2505 1434 2538 eamque
1462 2493 1579 2535 fidem,

128 2535 260 2574 aiebat,
286 2537 355 2581 ipsi
381 2544 564 2582 praestant
587 2540 711 2573 Persae
737 2539 884 2579 subditi,
925 2546 964 2572 ut
989 2551 1044 2573 me
1069 2540 1240 2574 defuncto
1267 2540 1434 2573 adversus
1463 2541 1579 2574 filium

127 2583 285 2626 pueriles
312 2594 424 2617 anuos
447 2584 607 2618 nondum
633 2587 864 2620 excedentem
892 2592 927 2619 et
954 2588 988 2619 in
1009 2599 1155 2620 uxorem
1178 2586 1397 2619 meditentur
1414 2590 1577 2631 tyranni-

128 2628 230 2662 dem:
268 2641 345 2663 eam
378 2631 423 2664 ob
458 2643 532 2665 rem
556 2634 652 2667 misit
680 2635 743 2680 qui
781 2634 1047 2678 Theopbobum
1076 2635 1114 2667 in
1151 2635 1323 2679 palatium
1349 2633 1575 2676 adducerent,

127 2687 281 2722 eumque
315 2689 435 2710 secum
479 2679 615 2713 habuit.
679 2680 803 2714 morbo
847 2687 965 2714 autem
1006 2683 1273 2725 ingravescente
1312 2681 1578 2726 Theopbobum

127 2733 266 2757 carcere
301 2726 447 2760 inclusit
471 2727 508 2759 in
537 2728 762 2763 ssucoleontis
791 2728 999 2762 fornicibus.
1026 2729 1139 2763 Persis
1166 2733 1284 2761 autem
1311 2729 1576 2774 inquirentibus
