<?xml version="1.0" encoding="UTF-8"?>
<!DOCTYPE html PUBLIC "-//W3C//DTD XHTML 1.0 Transitional//EN"
    "http://www.w3.org/TR/xhtml1/DTD/xhtml1-transitional.dtd">
<html xmlns="http://www.w3.org/1999/xhtml" xml:lang="en" lang="en">
 <head>
  <title>
</title>
<meta http-equiv="Content-Type" content="text/html;charset=utf-8" />
  <meta name='ocr-system' content='tesseract 3.04.00' />
  <meta name='ocr-capabilities' content='ocr_page ocr_carea ocr_par ocr_line ocrx_word'/>
</head>
<body>
  <div class='ocr_page' id='page_1' title='image "./corpusscriptorum34niebuoft/corpusscriptorum34niebuoft_0186.png"; bbox 0 0 1838 3132; ppageno 0'>
   <div class='ocr_carea' id='block_1_1' title="bbox 301 113 1339 187">
    <p class='ocr_par' dir='ltr' id='par_1_1' title="bbox 301 113 1339 187">
     <span class='ocr_line' id='line_1_1' title="bbox 301 113 1339 187; baseline 0 -15"><span class='ocrx_word' id='word_1_1' title='bbox 301 126 392 173; x_wconf 71' lang='lat'><strong><em>174</em></strong></span> <span class='ocrx_word' id='word_1_2' title='bbox 686 113 908 187; x_wconf 64' lang='lat' dir='ltr'><strong>[mosis</strong></span> <span class='ocrx_word' id='word_1_3' title='bbox 957 114 1339 187; x_wconf 66' lang='lat' dir='ltr'><strong>emmunim]</strong></span> 
     </span>
    </p>
   </div>
   <div class='ocr_carea' id='block_1_2' title="bbox 265 228 1789 1801">
    <p class='ocr_par' dir='ltr' id='par_1_2' title="bbox 265 228 1789 1801">
     <span class='ocr_line' id='line_1_2' title="bbox 292 228 1734 285; baseline -0.001 -14"><span class='ocrx_word' id='word_1_4' title='bbox 292 232 381 283; x_wconf 85' lang='grc' dir='ltr'><strong><em>βων</em></strong></span> <span class='ocrx_word' id='word_1_5' title='bbox 406 229 625 284; x_wconf 66' lang='grc' dir='ltr'><strong><em>βασιλικὴν</em></strong></span> <span class='ocrx_word' id='word_1_6' title='bbox 653 230 799 285; x_wconf 75' lang='grc' dir='ltr'><strong><em>αὐλήν,</em></strong></span> <span class='ocrx_word' id='word_1_7' title='bbox 826 229 898 270; x_wconf 78' lang='grc' dir='ltr'>καί</span> <span class='ocrx_word' id='word_1_8' title='bbox 924 228 1241 285; x_wconf 74' lang='grc' dir='ltr'><strong><em>καταμηνύοντα</em></strong></span> <span class='ocrx_word' id='word_1_9' title='bbox 1270 231 1350 272; x_wconf 79' lang='grc' dir='ltr'><strong><em>τῶν</em></strong></span> <span class='ocrx_word' id='word_1_10' title='bbox 1372 230 1512 285; x_wconf 50' lang='lat' dir='ltr'>‘HQ-9,</span> <span class='ocrx_word' id='word_1_11' title='bbox 1541 233 1617 273; x_wconf 68' lang='grc' dir='ltr'><strong><em>καῖ’</em></strong></span> <span class='ocrx_word' id='word_1_12' title='bbox 1637 232 1734 273; x_wconf 75' lang='grc' dir='ltr'><strong><em>τοῦ..</em></strong></span> 
     </span>
     <span class='ocr_line' id='line_1_3' title="bbox 292 294 1736 352; baseline 0.001 -16"><span class='ocrx_word' id='word_1_13' title='bbox 292 309 366 336; x_wconf 85' lang='grc' dir='ltr'><strong><em>τον</em></strong></span> <span class='ocrx_word' id='word_1_14' title='bbox 408 295 683 352; x_wconf 68' lang='grc' dir='ltr'><em>χρησμῳδίαν</em></span> <span class='ocrx_word' id='word_1_15' title='bbox 725 296 960 346; x_wconf 83' lang='grc' dir='ltr'><strong><em>πολυζωίας</em></strong></span> <span class='ocrx_word' id='word_1_16' title='bbox 997 298 1231 350; x_wconf 77' lang='grc' dir='ltr'><strong><em>μυοῦνται,</em></strong></span> <span class='ocrx_word' id='word_1_17' title='bbox 1273 295 1355 349; x_wconf 84' lang='grc' dir='ltr'><strong><em>εἴγε</em></strong></span> <span class='ocrx_word' id='word_1_18' title='bbox 1382 294 1457 350; x_wconf 77' lang='grc' dir='ltr'><strong><em>τὴν</em></strong></span> <span class='ocrx_word' id='word_1_19' title='bbox 1483 296 1736 351; x_wconf 71' lang='grc' dir='ltr'><strong><em>θεανδρικὴν</em></strong></span> 
     </span>
     <span class='ocr_line' id='line_1_4' title="bbox 291 358 1735 418; baseline 0.001 -17"><span class='ocrx_word' id='word_1_20' title='bbox 291 361 369 401; x_wconf 82' lang='grc' dir='ltr'><strong><em>τοῦ</em></strong></span> <span class='ocrx_word' id='word_1_21' title='bbox 395 363 542 414; x_wconf 81' lang='grc' dir='ltr'><strong><em>κυρίου</em></strong></span> <span class='ocrx_word' id='word_1_22' title='bbox 582 361 699 414; x_wconf 75' lang='grc' dir='ltr'><strong><em>ἡμῶν</em></strong></span> <span class='ocrx_word' id='word_1_23' title='bbox 731 361 870 416; x_wconf 79' lang='grc' dir='ltr'><strong><em>Ἰησοῦ</em></strong></span> <span class='ocrx_word' id='word_1_24' title='bbox 905 363 1100 416; x_wconf 80' lang='grc' dir='ltr'><strong><em>Χριστοῦ</em></strong></span> <span class='ocrx_word' id='word_1_25' title='bbox 1137 361 1210 403; x_wconf 85' lang='grc' dir='ltr'><em>καί</em></span> <span class='ocrx_word' id='word_1_26' title='bbox 1236 363 1311 416; x_wconf 76' lang='grc' dir='ltr'><strong><em>τῆς</em></strong></span> <span class='ocrx_word' id='word_1_27' title='bbox 1347 358 1548 402; x_wconf 83' lang='grc' dir='ltr'><strong><em>θεοτόκσυ</em></strong></span> <span class='ocrx_word' id='word_1_28' title='bbox 1577 362 1735 418; x_wconf 80' lang='grc' dir='ltr'><strong><em>μητρὸς</em></strong></span> 
     </span>
     <span class='ocr_line' id='line_1_5' title="bbox 291 425 1736 482; baseline 0.001 -14"><span class='ocrx_word' id='word_1_29' title='bbox 291 428 337 469; x_wconf 76' lang='grc' dir='ltr'><strong><em>ἐκ</em></strong></span> <span class='ocrx_word' id='word_1_30' title='bbox 365 425 528 468; x_wconf 83' lang='grc' dir='ltr'><strong><em>πάντων</em></strong></span> <span class='ocrx_word' id='word_1_31' title='bbox 554 429 633 468; x_wconf 76' lang='grc' dir='ltr'><strong><em>τῶν</em></strong></span> <span class='ocrx_word' id='word_1_32' title='bbox 662 428 887 482; x_wconf 73' lang='grc' dir='ltr'><strong><em>ἐκκλησιῶν</em></strong></span> <span class='ocrx_word' id='word_1_33' title='bbox 915 429 998 468; x_wconf 76' lang='grc' dir='ltr'><strong><em>τῶν</em></strong></span> <span class='ocrx_word' id='word_1_34' title='bbox 1026 427 1096 468; x_wconf 76' lang='grc' dir='ltr'><strong><em>ὑπ’</em></strong></span> <span class='ocrx_word' id='word_1_35' title='bbox 1127 425 1257 469; x_wconf 75' lang='grc' dir='ltr'><strong><em>αὐτὸν</em></strong></span> <span class='ocrx_word' id='word_1_36' title='bbox 1286 427 1424 468; x_wconf 76' lang='grc' dir='ltr'><strong><em>οὐσῶν</em></strong></span> <span class='ocrx_word' id='word_1_37' title='bbox 1450 426 1736 480; x_wconf 78' lang='grc' dir='ltr'><strong><em>ἀπαλείψειεν.</em></strong></span> 
     </span>
     <span class='ocr_line' id='line_1_6' title="bbox 291 490 1768 550; baseline 0 -15"><span class='ocrx_word' id='word_1_38' title='bbox 291 495 364 535; x_wconf 84' lang='grc' dir='ltr'>καί</span> <span class='ocrx_word' id='word_1_39' title='bbox 389 492 438 547; x_wconf 71' lang='grc' dir='ltr'><strong><em>δὴ</em></strong></span> <span class='ocrx_word' id='word_1_40' title='bbox 469 492 491 532; x_wconf 76' lang='grc' dir='ltr'><em>ὅ</em></span> <span class='ocrx_word' id='word_1_41' title='bbox 525 490 726 547; x_wconf 79' lang='grc' dir='ltr'><strong><em>φιλόζωος</em></strong></span> <span class='ocrx_word' id='word_1_42' title='bbox 755 491 1002 542; x_wconf 73' lang='grc' dir='ltr'><strong><em>ὑπακούσας</em></strong></span> <span class='ocrx_word' id='word_1_43' title='bbox 1042 495 1095 550; x_wconf 81' lang='grc' dir='ltr'><strong><em>τῇ</em></strong></span> <span class='ocrx_word' id='word_1_44' title='bbox 1126 495 1345 549; x_wconf 79' lang='grc' dir='ltr'><strong><em>συμβουλῇ</em></strong></span> <span class='ocrx_word' id='word_1_45' title='bbox 1373 495 1457 534; x_wconf 76' lang='grc' dir='ltr'><strong><em>τῶν</em></strong></span> <span class='ocrx_word' id='word_1_46' title='bbox 1485 492 1768 535; x_wconf 70' lang='grc' dir='ltr'><strong><em>ἅπατειόνωνδ</em></strong></span> 
     </span>
     <span class='ocr_line' id='line_1_7' title="bbox 289 554 1734 616; baseline 0 -16"><span class='ocrx_word' id='word_1_47' title='bbox 289 561 426 607; x_wconf 86' lang='grc' dir='ltr'><strong><em>πάσας</em></strong></span> <span class='ocrx_word' id='word_1_48' title='bbox 454 559 527 606; x_wconf 82' lang='grc' dir='ltr'><strong><em>τάς</em></strong></span> <span class='ocrx_word' id='word_1_49' title='bbox 551 560 769 614; x_wconf 83' lang='grc' dir='ltr'><strong><em>ἐκκλησίας</em></strong></span> <span class='ocrx_word' id='word_1_50' title='bbox 797 558 873 607; x_wconf 80' lang='grc' dir='ltr'><strong><em>τάς</em></strong></span> <span class='ocrx_word' id='word_1_51' title='bbox 901 554 1032 608; x_wconf 70' lang='grc' dir='ltr'><strong><em>οὔσας</em></strong></span> <span class='ocrx_word' id='word_1_52' title='bbox 1065 561 1109 601; x_wconf 83' lang='grc' dir='ltr'><strong><em>ἐν</em></strong></span> <span class='ocrx_word' id='word_1_53' title='bbox 1133 561 1185 616; x_wconf 82' lang='grc' dir='ltr'><strong><em>τῇ</em></strong></span> <span class='ocrx_word' id='word_1_54' title='bbox 1209 559 1322 616; x_wconf 83' lang='grc' dir='ltr'><strong><em>οἷρχῇ</em></strong></span> <span class='ocrx_word' id='word_1_55' title='bbox 1354 555 1490 600; x_wconf 75' lang='grc' dir='ltr'><strong><em>αὗτοῦ</em></strong></span> <span class='ocrx_word' id='word_1_56' title='bbox 1519 557 1734 601; x_wconf 80' lang='grc' dir='ltr'><strong><em>διεσάλευ-</em></strong></span> 
     </span>
     <span class='ocr_line' id='line_1_8' title="bbox 288 620 1736 680; baseline 0 -14"><span class='ocrx_word' id='word_1_57' title='bbox 288 640 372 667; x_wconf 91' lang='grc' dir='ltr'><strong><em>σεν.</em></strong></span> <span class='ocrx_word' id='word_1_58' title='bbox 430 625 519 665; x_wconf 75' lang='grc' dir='ltr'><strong><em>ἀλλ’</em></strong></span> <span class='ocrx_word' id='word_1_59' title='bbox 549 625 779 680; x_wconf 74' lang='grc' dir='ltr'><strong><em>ἀπατηθείς</em></strong></span> <span class='ocrx_word' id='word_1_60' title='bbox 808 625 830 666; x_wconf 81' lang='grc' dir='ltr'>ὅ</span> <span class='ocrx_word' id='word_1_61' title='bbox 861 627 1042 675; x_wconf 78' lang='grc' dir='ltr'><strong><em>δείλαιος</em></strong></span> <span class='ocrx_word' id='word_1_62' title='bbox 1078 620 1201 679; x_wconf 75' lang='grc' dir='ltr'><strong><em>εὗρεν</em></strong></span> <span class='ocrx_word' id='word_1_63' title='bbox 1231 624 1327 676; x_wconf 78' lang='grc' dir='ltr'><strong><em>ἄξια</em></strong></span> <span class='ocrx_word' id='word_1_64' title='bbox 1355 623 1408 667; x_wconf 74' lang='grc' dir='ltr'><strong><em>τά</em></strong></span> <span class='ocrx_word' id='word_1_65' title='bbox 1441 626 1634 679; x_wconf 75' lang='grc' dir='ltr'><strong><em>ἐπίχειρα</em></strong></span> <span class='ocrx_word' id='word_1_66' title='bbox 1662 625 1736 680; x_wconf 81' lang='grc' dir='ltr'><strong><em>τῆς</em></strong></span> 
     </span>
     <span class='ocr_line' id='line_1_9' title="bbox 287 687 1735 746; baseline -0.001 -14"><span class='ocrx_word' id='word_1_67' title='bbox 287 690 454 740; x_wconf 80' lang='grc' dir='ltr'><strong><em>άνοιάς·</em></strong></span> <span class='ocrx_word' id='word_1_68' title='bbox 509 692 689 744; x_wconf 74' lang='grc' dir='ltr'><strong><em>μετῆλθε</em></strong></span> <span class='ocrx_word' id='word_1_69' title='bbox 727 690 809 744; x_wconf 83' lang='grc' dir='ltr'><strong><em>γάρ</em></strong></span> <span class='ocrx_word' id='word_1_70' title='bbox 844 690 970 733; x_wconf 65' lang='grc' dir='ltr'><strong><em>αὐτὸν</em></strong></span> <span class='ocrx_word' id='word_1_71' title='bbox 1015 691 1039 745; x_wconf 80' lang='grc' dir='ltr'><em>ἦ</em></span> <span class='ocrx_word' id='word_1_72' title='bbox 1074 693 1172 733; x_wconf 87' lang='grc' dir='ltr'><strong><em>θεία</em></strong></span> <span class='ocrx_word' id='word_1_73' title='bbox 1202 689 1319 746; x_wconf 79' lang='grc' dir='ltr'><strong><em>δίκη,</em></strong></span> <span class='ocrx_word' id='word_1_74' title='bbox 1349 687 1466 732; x_wconf 70' lang='grc' dir='ltr'><strong><em>οὔπω</em></strong></span> <span class='ocrx_word' id='word_1_75' title='bbox 1496 690 1735 741; x_wconf 68' lang='grc' dir='ltr'><strong><em>διελθόντος</em></strong></span> 
     </span>
     <span class='ocr_line' id='line_1_10' title="bbox 283 752 1734 811; baseline -0.001 -13"><span class='ocrx_word' id='word_1_76' title='bbox 283 754 376 805; x_wconf 74' lang='grc' dir='ltr'><strong><em>ἑνὸς</em></strong></span> <span class='ocrx_word' id='word_1_77' title='bbox 408 758 620 799; x_wconf 79' lang='grc' dir='ltr'><strong><em>ἐνιαυτοῦ.</em></strong></span> <span class='ocrx_word' id='word_1_78' title='bbox 687 752 739 798; x_wconf 73' lang='grc' dir='ltr'><strong><em>οὗ</em></strong></span> <span class='ocrx_word' id='word_1_79' title='bbox 781 756 804 797; x_wconf 79' lang='grc' dir='ltr'><em>ὅ</em></span> <span class='ocrx_word' id='word_1_80' title='bbox 845 756 936 806; x_wconf 84' lang='grc' dir='ltr'><strong><em>υἱὸς</em></strong></span> <span class='ocrx_word' id='word_1_81' title='bbox 977 756 1270 810; x_wconf 75' lang='grc' dir='ltr'><strong><em>διαδεξάμενος</em></strong></span> <span class='ocrx_word' id='word_1_82' title='bbox 1308 757 1381 811; x_wconf 80' lang='grc' dir='ltr'><strong><em>τήν</em></strong></span> <span class='ocrx_word' id='word_1_83' title='bbox 1423 757 1648 811; x_wconf 72' lang='grc' dir='ltr'><strong><em>ἡγεμονίαν</em></strong></span> <span class='ocrx_word' id='word_1_84' title='bbox 1675 754 1734 804; x_wconf 73' lang='grc' dir='ltr'><strong><em>ὥς</em></strong></span> 
     </span>
     <span class='ocr_line' id='line_1_11' title="bbox 283 817 1789 878; baseline 0 -15"><span class='ocrx_word' id='word_1_85' title='bbox 283 823 587 874; x_wconf 77' lang='grc' dir='ltr'><strong><em>ψευδομάντεις</em></strong></span> <span class='ocrx_word' id='word_1_86' title='bbox 615 822 774 872; x_wconf 72' lang='grc' dir='ltr'><strong><em>αὐτούς</em></strong></span> <span class='ocrx_word' id='word_1_87' title='bbox 799 822 1019 878; x_wconf 73' lang='grc' dir='ltr'><strong><em>ἠβουλήθη</em></strong></span> <span class='ocrx_word' id='word_1_88' title='bbox 1054 825 1289 865; x_wconf 80' lang='grc' dir='ltr'><strong><em>α’ποκτεῖναι</em></strong></span> <span class='ocrx_word' id='word_1_89' title='bbox 1307 839 1318 850; x_wconf 89' lang='grc'><em>·</em></span> <span class='ocrx_word' id='word_1_90' title='bbox 1347 822 1555 875; x_wconf 79' lang='grc' dir='ltr'><strong><em>μαθόντες</em></strong></span> <span class='ocrx_word' id='word_1_91' title='bbox 1584 824 1629 864; x_wconf 77' lang='grc' dir='ltr'><strong><em>δὲ</em></strong></span> <span class='ocrx_word' id='word_1_92' title='bbox 1659 817 1731 863; x_wconf 66' lang='grc' dir='ltr'><strong><em>οὗ·</em></strong></span> <span class='ocrx_word' id='word_1_93' title='bbox 1746 837 1789 870; x_wconf 83' lang='lat'><strong><em>10</em></strong></span> 
     </span>
     <span class='ocr_line' id='line_1_12' title="bbox 283 887 1731 945; baseline 0.001 -16"><span class='ocrx_word' id='word_1_94' title='bbox 283 903 348 929; x_wconf 87' lang='grc' dir='ltr'><strong><em>τοι</em></strong></span> <span class='ocrx_word' id='word_1_95' title='bbox 377 888 627 941; x_wconf 72' lang='grc' dir='ltr'><strong><em>ἀνέκαμψαν</em></strong></span> <span class='ocrx_word' id='word_1_96' title='bbox 655 891 699 930; x_wconf 83' lang='grc' dir='ltr'><strong><em>ἐν</em></strong></span> <span class='ocrx_word' id='word_1_97' title='bbox 720 895 805 938; x_wconf 84' lang='grc' dir='ltr'><strong><em>τοῖς</em></strong></span> <span class='ocrx_word' id='word_1_98' title='bbox 831 890 1081 944; x_wconf 88' lang='grc' dir='ltr'><strong><em>Ἰσαυρικοῖς</em></strong></span> <span class='ocrx_word' id='word_1_99' title='bbox 1109 892 1297 945; x_wconf 81' lang='grc' dir='ltr'><strong><em>μέρεσιν.</em></strong></span> <span class='ocrx_word' id='word_1_100' title='bbox 1327 890 1387 939; x_wconf 84' lang='grc' dir='ltr'><strong><em>εἰς</em></strong></span> <span class='ocrx_word' id='word_1_101' title='bbox 1417 887 1549 944; x_wconf 67' lang='grc' dir='ltr'><strong><em>πηγὴν</em></strong></span> <span class='ocrx_word' id='word_1_102' title='bbox 1576 891 1622 930; x_wconf 79' lang='grc' dir='ltr'><strong><em>δέ</em></strong></span> <span class='ocrx_word' id='word_1_103' title='bbox 1639 905 1731 931; x_wconf 79' lang='grc' dir='ltr'><strong><em>τινα</em></strong></span> 
     </span>
     <span class='ocr_line' id='line_1_13' title="bbox 284 951 1733 1011; baseline 0.002 -16"><span class='ocrx_word' id='word_1_104' title='bbox 284 953 594 1008; x_wconf 81' lang='grc' dir='ltr'><strong><em>άναψυχόντων</em></strong></span> <span class='ocrx_word' id='word_1_105' title='bbox 625 955 791 1011; x_wconf 73' lang='grc' dir='ltr'><strong><em>αὐτῶν,</em></strong></span> <span class='ocrx_word' id='word_1_106' title='bbox 830 956 923 998; x_wconf 74' lang='grc' dir='ltr'><strong><em>ι’ὃού</em></strong></span> <span class='ocrx_word' id='word_1_107' title='bbox 970 951 1089 1005; x_wconf 79' lang='grc' dir='ltr'><strong><em>οὗτος</em></strong></span> <span class='ocrx_word' id='word_1_108' title='bbox 1128 955 1149 996; x_wconf 82' lang='grc' dir='ltr'>ὁ</span> <span class='ocrx_word' id='word_1_109' title='bbox 1181 958 1306 997; x_wconf 80' lang='grc' dir='ltr'><strong><em>Λέων</em></strong></span> <span class='ocrx_word' id='word_1_110' title='bbox 1335 957 1544 1005; x_wconf 85' lang='grc' dir='ltr'><strong><em>νεανίσκος</em></strong></span> <span class='ocrx_word' id='word_1_111' title='bbox 1571 953 1634 997; x_wconf 79' lang='grc' dir='ltr'><strong><em>ἔτι</em></strong></span> <span class='ocrx_word' id='word_1_112' title='bbox 1662 951 1733 1011; x_wconf 67' lang='grc' dir='ltr'><strong><em>ὧν,</em></strong></span> 
     </span>
     <span class='ocr_line' id='line_1_14' title="bbox 285 1017 1734 1079; baseline -0.001 -17"><span class='ocrx_word' id='word_1_113' title='bbox 285 1019 411 1069; x_wconf 79' lang='grc' dir='ltr'><strong><em>καλός</em></strong></span> <span class='ocrx_word' id='word_1_114' title='bbox 452 1023 510 1078; x_wconf 70' lang='grc' dir='ltr'><strong><em>τῷ</em></strong></span> <span class='ocrx_word' id='word_1_115' title='bbox 540 1017 642 1062; x_wconf 73' lang='grc' dir='ltr'><strong><em>εἴδει</em></strong></span> <span class='ocrx_word' id='word_1_116' title='bbox 674 1023 747 1063; x_wconf 85' lang='grc' dir='ltr'>καί</span> <span class='ocrx_word' id='word_1_117' title='bbox 783 1021 966 1077; x_wconf 78' lang='grc' dir='ltr'><strong><em>εὐμήκης</em></strong></span> <span class='ocrx_word' id='word_1_118' title='bbox 1001 1022 1057 1079; x_wconf 74' lang='grc' dir='ltr'><strong><em>τῷ</em></strong></span> <span class='ocrx_word' id='word_1_119' title='bbox 1086 1019 1263 1074; x_wconf 76' lang='grc' dir='ltr'><strong><em>σώματι,</em></strong></span> <span class='ocrx_word' id='word_1_120' title='bbox 1293 1022 1506 1075; x_wconf 83' lang='grc' dir='ltr'><strong><em>βάναυσος</em></strong></span> <span class='ocrx_word' id='word_1_121' title='bbox 1534 1019 1610 1076; x_wconf 66' lang='grc' dir='ltr'><strong><em>τήν</em></strong></span> <span class='ocrx_word' id='word_1_122' title='bbox 1637 1023 1734 1075; x_wconf 80' lang='grc' dir='ltr'><strong><em>τέχ-</em></strong></span> 
     </span>
     <span class='ocr_line' id='line_1_15' title="bbox 286 1086 1734 1142; baseline -0.002 -14"><span class='ocrx_word' id='word_1_123' title='bbox 286 1102 371 1141; x_wconf 75' lang='grc' dir='ltr'><strong><em>νην,</em></strong></span> <span class='ocrx_word' id='word_1_124' title='bbox 394 1087 437 1136; x_wconf 81' lang='grc' dir='ltr'><strong><em>ἐξ</em></strong></span> <span class='ocrx_word' id='word_1_125' title='bbox 466 1088 600 1127; x_wconf 73' lang='grc' dir='ltr'><strong><em>αὐτοῦ</em></strong></span> <span class='ocrx_word' id='word_1_126' title='bbox 628 1086 702 1141; x_wconf 69' lang='grc' dir='ltr'><strong><em>τήν</em></strong></span> <span class='ocrx_word' id='word_1_127' title='bbox 733 1087 842 1141; x_wconf 78' lang='grc' dir='ltr'><strong><em>ζωὴν</em></strong></span> <span class='ocrx_word' id='word_1_128' title='bbox 883 1087 1165 1142; x_wconf 79' lang='grc' dir='ltr'><strong><em>ποριζόμενος,</em></strong></span> <span class='ocrx_word' id='word_1_129' title='bbox 1193 1093 1277 1136; x_wconf 81' lang='grc' dir='ltr'><strong><em>τοῖς</em></strong></span> <span class='ocrx_word' id='word_1_130' title='bbox 1308 1086 1550 1141; x_wconf 75' lang='grc' dir='ltr'><strong><em>ὑποζυγίοις</em></strong></span> <span class='ocrx_word' id='word_1_131' title='bbox 1576 1102 1734 1142; x_wconf 86' lang='grc' dir='ltr'><strong><em>περιτι-</em></strong></span> 
     </span>
     <span class='ocr_line' id='line_1_16' title="bbox 265 1147 1789 1208; baseline 0.004 -18"><span class='ocrx_word' id='word_1_132' title='bbox 265 1152 375 1202; x_wconf 76' lang='grc' dir='ltr'><strong><em>,θείς</em></strong></span> <span class='ocrx_word' id='word_1_133' title='bbox 404 1152 560 1208; x_wconf 80' lang='grc' dir='ltr'><strong><em>φόρτον</em></strong></span> <span class='ocrx_word' id='word_1_134' title='bbox 587 1153 660 1194; x_wconf 78' lang='grc' dir='ltr'><em>καί</em></span> <span class='ocrx_word' id='word_1_135' title='bbox 686 1147 939 1206; x_wconf 75' lang='grc' dir='ltr'><strong><em>ἆπεμπολαῖν</em></strong></span> <span class='ocrx_word' id='word_1_136' title='bbox 969 1155 1083 1207; x_wconf 76' lang='grc' dir='ltr'><strong><em>διέζη</em></strong></span> <span class='ocrx_word' id='word_1_137' title='bbox 1105 1155 1346 1207; x_wconf 78' lang='grc' dir='ltr'><strong><em>πτωχικῶς’</em></strong></span> <span class='ocrx_word' id='word_1_138' title='bbox 1403 1156 1475 1194; x_wconf 81' lang='grc' dir='ltr'><strong><em>καί</em></strong></span> <span class='ocrx_word' id='word_1_139' title='bbox 1501 1150 1550 1208; x_wconf 77' lang='grc' dir='ltr'><strong><em>δή</em></strong></span> <span class='ocrx_word' id='word_1_140' title='bbox 1583 1155 1629 1194; x_wconf 83' lang='grc' dir='ltr'><strong><em>ἐκ</em></strong></span> <span class='ocrx_word' id='word_1_141' title='bbox 1656 1155 1789 1197; x_wconf 72' lang='grc' dir='ltr'><strong><em>τοῧῑὸ</em></strong></span> 
     </span>
     <span class='ocr_line' id='line_1_17' title="bbox 283 1215 1734 1275; baseline 0.002 -16"><span class='ocrx_word' id='word_1_142' title='bbox 283 1217 512 1272; x_wconf 70' lang='grc' dir='ltr'><strong><em>ὑποζυγίου</em></strong></span> <span class='ocrx_word' id='word_1_143' title='bbox 542 1218 636 1260; x_wconf 83' lang='grc' dir='ltr'><strong><em>τότε</em></strong></span> <span class='ocrx_word' id='word_1_144' title='bbox 680 1219 835 1275; x_wconf 83' lang='grc' dir='ltr'><strong><em>φόρτον</em></strong></span> <span class='ocrx_word' id='word_1_145' title='bbox 874 1215 1167 1273; x_wconf 80' lang='grc' dir='ltr'><strong><em>περιελόμενος</em></strong></span> <span class='ocrx_word' id='word_1_146' title='bbox 1213 1221 1382 1262; x_wconf 81' lang='grc' dir='ltr'><strong><em>ἐκάθισε</em></strong></span> <span class='ocrx_word' id='word_1_147' title='bbox 1411 1221 1483 1260; x_wconf 83' lang='grc' dir='ltr'><strong><em>καί</em></strong></span> <span class='ocrx_word' id='word_1_148' title='bbox 1506 1218 1632 1268; x_wconf 79' lang='grc' dir='ltr'><strong><em>αὐτὸς</em></strong></span> <span class='ocrx_word' id='word_1_149' title='bbox 1662 1221 1734 1262; x_wconf 76' lang='grc' dir='ltr'><strong><em>ἐπὶ</em></strong></span> 
     </span>
     <span class='ocr_line' id='line_1_18' title="bbox 282 1282 1733 1341; baseline -0.001 -14"><span class='ocrx_word' id='word_1_150' title='bbox 282 1286 334 1341; x_wconf 84' lang='grc' dir='ltr'><strong><em>τῇ</em></strong></span> <span class='ocrx_word' id='word_1_151' title='bbox 365 1287 474 1340; x_wconf 83' lang='grc' dir='ltr'><strong><em>πηγῇ</em></strong></span> <span class='ocrx_word' id='word_1_152' title='bbox 505 1284 560 1333; x_wconf 74' lang='grc' dir='ltr'><strong><em>ὥς</em></strong></span> <span class='ocrx_word' id='word_1_153' title='bbox 589 1284 841 1340; x_wconf 81' lang='grc' dir='ltr'><strong><em>α’ριστήσων.</em></strong></span> <span class='ocrx_word' id='word_1_154' title='bbox 897 1282 983 1327; x_wconf 81' lang='grc' dir='ltr'><strong><em>εἶτα</em></strong></span> <span class='ocrx_word' id='word_1_155' title='bbox 1017 1283 1053 1327; x_wconf 78' lang='grc' dir='ltr'><strong><em>οἱ</em></strong></span> <span class='ocrx_word' id='word_1_156' title='bbox 1085 1288 1167 1327; x_wconf 76' lang='grc' dir='ltr'><strong><em>τῶν</em></strong></span> <span class='ocrx_word' id='word_1_157' title='bbox 1194 1286 1542 1339; x_wconf 71' lang='grc' dir='ltr'><strong><em>ἐγγαστριμύθων</em></strong></span> <span class='ocrx_word' id='word_1_158' title='bbox 1570 1283 1733 1338; x_wconf 74' lang='grc' dir='ltr'><strong><em>μύσται</em></strong></span> 
     </span>
     <span class='ocr_line' id='line_1_19' title="bbox 283 1349 1733 1406; baseline -0.001 -13"><span class='ocrx_word' id='word_1_159' title='bbox 283 1349 493 1404; x_wconf 76' lang='grc' dir='ltr'><strong><em>μυούνται</em></strong></span> <span class='ocrx_word' id='word_1_160' title='bbox 533 1349 664 1393; x_wconf 70' lang='grc' dir='ltr'><strong><em>αὐτὸν</em></strong></span> <span class='ocrx_word' id='word_1_161' title='bbox 702 1354 780 1392; x_wconf 81' lang='grc' dir='ltr'><strong><em>τοῦ</em></strong></span> <span class='ocrx_word' id='word_1_162' title='bbox 811 1352 1014 1406; x_wconf 80' lang='grc' dir='ltr'><strong><em>κατάρξαι</em></strong></span> <span class='ocrx_word' id='word_1_163' title='bbox 1040 1354 1113 1405; x_wconf 76' lang='grc' dir='ltr'><strong><em>τῆς</em></strong></span> <span class='ocrx_word' id='word_1_164' title='bbox 1149 1351 1384 1404; x_wconf 75' lang='grc' dir='ltr'><strong><em>Ῥωμαϊκῆς</em></strong></span> <span class='ocrx_word' id='word_1_165' title='bbox 1411 1353 1628 1404; x_wconf 79' lang='grc' dir='ltr'><strong><em>βασιλείας</em></strong></span> <span class='ocrx_word' id='word_1_166' title='bbox 1653 1351 1733 1393; x_wconf 75' lang='grc' dir='ltr'><strong><em>τῶν</em></strong></span> 
     </span>
     <span class='ocr_line' id='line_1_20' title="bbox 282 1416 1731 1475; baseline -0.001 -17"><span class='ocrx_word' id='word_1_167' title='bbox 282 1416 514 1472; x_wconf 61' lang='grc' dir='ltr'><strong><em>σκήπτρων</em></strong></span> <span class='ocrx_word' id='word_1_168' title='bbox 575 1419 648 1458; x_wconf 85' lang='grc' dir='ltr'><em>καί</em></span> <span class='ocrx_word' id='word_1_169' title='bbox 673 1419 749 1458; x_wconf 77' lang='grc' dir='ltr'><strong><em>τοῦ</em></strong></span> <span class='ocrx_word' id='word_1_170' title='bbox 777 1420 959 1470; x_wconf 82' lang='grc' dir='ltr'><strong><em>Λέοντος</em></strong></span> <span class='ocrx_word' id='word_1_171' title='bbox 988 1418 1342 1472; x_wconf 67' lang='grc' dir='ltr'><strong><em>ἀναβαλλομένου,</em></strong></span> <span class='ocrx_word' id='word_1_172' title='bbox 1370 1418 1441 1459; x_wconf 84' lang='grc' dir='ltr'><strong><em>ὲπί</em></strong></span> <span class='ocrx_word' id='word_1_173' title='bbox 1467 1417 1519 1473; x_wconf 83' lang='grc' dir='ltr'><strong><em>τῇ</em></strong></span> <span class='ocrx_word' id='word_1_174' title='bbox 1544 1416 1731 1475; x_wconf 56' lang='lat' dir='ltr'><strong>edrai-§1232</strong></span> 
     </span>
     <span class='ocr_line' id='line_1_21' title="bbox 282 1478 1787 1538; baseline -0.001 -14"><span class='ocrx_word' id='word_1_175' title='bbox 282 1482 417 1525; x_wconf 70' lang='grc' dir='ltr'><strong><em>αὐτοῦ</em></strong></span> <span class='ocrx_word' id='word_1_176' title='bbox 443 1484 708 1538; x_wconf 72' lang='grc' dir='ltr'><strong><em>α’φοραῖντος,</em></strong></span> <span class='ocrx_word' id='word_1_177' title='bbox 752 1480 892 1536; x_wconf 79' lang='grc' dir='ltr'><strong><em>ὅρκοις</em></strong></span> <span class='ocrx_word' id='word_1_178' title='bbox 919 1487 1246 1538; x_wconf 83' lang='grc' dir='ltr'><strong><em>πληροφορεῑται</em></strong></span> <span class='ocrx_word' id='word_1_179' title='bbox 1274 1481 1354 1524; x_wconf 73' lang='grc' dir='ltr'><strong><em>ὑπὸ</em></strong></span> <span class='ocrx_word' id='word_1_180' title='bbox 1386 1484 1468 1524; x_wconf 79' lang='grc' dir='ltr'><strong><em>τῶν</em></strong></span> <span class='ocrx_word' id='word_1_181' title='bbox 1498 1483 1638 1535; x_wconf 73' lang='grc' dir='ltr'><strong><em>ἀθέων</em></strong></span> <span class='ocrx_word' id='word_1_182' title='bbox 1665 1478 1787 1528; x_wconf 70' lang='lat'><strong>31120</strong></span> 
     </span>
     <span class='ocr_line' id='line_1_22' title="bbox 282 1545 1731 1603; baseline -0.001 -13"><span class='ocrx_word' id='word_1_183' title='bbox 282 1550 420 1590; x_wconf 81' lang='grc' dir='ltr'><strong><em>ταῦτα</em></strong></span> <span class='ocrx_word' id='word_1_184' title='bbox 451 1545 581 1596; x_wconf 76' lang='grc' dir='ltr'><strong><em>οὕτως</em></strong></span> <span class='ocrx_word' id='word_1_185' title='bbox 622 1548 711 1602; x_wconf 82' lang='grc' dir='ltr'><strong><em>ἔχει</em></strong></span> <span class='ocrx_word' id='word_1_186' title='bbox 750 1551 958 1602; x_wconf 78' lang='grc' dir='ltr'><strong><em>γενέσθαι.</em></strong></span> <span class='ocrx_word' id='word_1_187' title='bbox 1016 1551 1088 1590; x_wconf 84' lang='grc' dir='ltr'><em>καί</em></span> <span class='ocrx_word' id='word_1_188' title='bbox 1124 1547 1174 1603; x_wconf 73' lang='grc' dir='ltr'><strong><em>δὴ</em></strong></span> <span class='ocrx_word' id='word_1_189' title='bbox 1209 1548 1430 1590; x_wconf 76' lang='grc' dir='ltr'><strong><em>αἰτούντων</em></strong></span> <span class='ocrx_word' id='word_1_190' title='bbox 1461 1550 1604 1590; x_wconf 64' lang='grc' dir='ltr'><strong><em>αὐτῶν</em></strong></span> <span class='ocrx_word' id='word_1_191' title='bbox 1632 1546 1731 1600; x_wconf 82' lang='grc' dir='ltr'><strong><em>ὀμό-</em></strong></span> 
     </span>
     <span class='ocr_line' id='line_1_23' title="bbox 283 1611 1731 1671; baseline -0.001 -14"><span class='ocrx_word' id='word_1_192' title='bbox 283 1631 358 1657; x_wconf 91' lang='grc' dir='ltr'><strong><em>σαι</em></strong></span> <span class='ocrx_word' id='word_1_193' title='bbox 387 1616 528 1663; x_wconf 84' lang='grc' dir='ltr'><strong><em>αυ”τοῖ’ς</em></strong></span> <span class='ocrx_word' id='word_1_194' title='bbox 556 1614 625 1657; x_wconf 75' lang='grc' dir='ltr'><strong><em>ἵνα</em></strong></span> <span class='ocrx_word' id='word_1_195' title='bbox 651 1617 691 1656; x_wconf 84' lang='grc' dir='ltr'><strong><em>εἰ</em></strong></span> <span class='ocrx_word' id='word_1_196' title='bbox 716 1611 800 1669; x_wconf 76' lang='grc' dir='ltr'><strong><em>ἄρα</em></strong></span> <span class='ocrx_word' id='word_1_197' title='bbox 827 1616 886 1664; x_wconf 84' lang='grc' dir='ltr'><strong><em>εἰς</em></strong></span> <span class='ocrx_word' id='word_1_198' title='bbox 913 1616 1042 1668; x_wconf 79' lang='grc' dir='ltr'><strong><em>πέρας</em></strong></span> <span class='ocrx_word' id='word_1_199' title='bbox 1066 1613 1184 1656; x_wconf 81' lang='grc' dir='ltr'><strong><em>ἔλθοι</em></strong></span> <span class='ocrx_word' id='word_1_200' title='bbox 1222 1616 1366 1667; x_wconf 83' lang='grc' dir='ltr'><strong><em>τοῦτο,</em></strong></span> <span class='ocrx_word' id='word_1_201' title='bbox 1397 1614 1439 1655; x_wconf 81' lang='grc' dir='ltr'><strong><em>εἴ</em></strong></span> <span class='ocrx_word' id='word_1_202' title='bbox 1466 1631 1502 1656; x_wconf 90' lang='grc' dir='ltr'><strong><em>τι</em></strong></span> <span class='ocrx_word' id='word_1_203' title='bbox 1533 1611 1585 1656; x_wconf 70' lang='grc' dir='ltr'><strong><em>ἂν</em></strong></span> <span class='ocrx_word' id='word_1_204' title='bbox 1613 1618 1731 1671; x_wconf 86' lang='grc' dir='ltr'><strong><em>αἰτη-</em></strong></span> 
     </span>
     <span class='ocr_line' id='line_1_24' title="bbox 285 1672 1734 1737; baseline 0 -15"><span class='ocrx_word' id='word_1_205' title='bbox 285 1682 342 1737; x_wconf 80' lang='grc' dir='ltr'><em>θῇ</em></span> <span class='ocrx_word' id='word_1_206' title='bbox 370 1684 469 1734; x_wconf 89' lang='grc' dir='ltr'><strong><em>παρ’</em></strong></span> <span class='ocrx_word' id='word_1_207' title='bbox 495 1681 649 1736; x_wconf 69' lang='grc' dir='ltr'><strong><em>αὐτῶν,</em></strong></span> <span class='ocrx_word' id='word_1_208' title='bbox 680 1682 974 1735; x_wconf 80' lang='grc' dir='ltr'><strong><em>α’νυπερθὲτως</em></strong></span> <span class='ocrx_word' id='word_1_209' title='bbox 1014 1680 1142 1722; x_wconf 73' lang='grc' dir='ltr'><strong><em>δώσει</em></strong></span> <span class='ocrx_word' id='word_1_210' title='bbox 1183 1682 1349 1728; x_wconf 84' lang='grc' dir='ltr'><strong><em>αυ’τοῖς·</em></strong></span> <span class='ocrx_word' id='word_1_211' title='bbox 1407 1675 1456 1736; x_wconf 78' lang='grc' dir='ltr'><strong><em>ἦν</em></strong></span> <span class='ocrx_word' id='word_1_212' title='bbox 1485 1682 1531 1723; x_wconf 75' lang='grc' dir='ltr'><strong><em>δὲ</em></strong></span> <span class='ocrx_word' id='word_1_213' title='bbox 1561 1672 1734 1735; x_wconf 82' lang='grc' dir='ltr'><strong><em>πλησίον</em></strong></span> 
     </span>
     <span class='ocr_line' id='line_1_25' title="bbox 286 1744 1732 1801; baseline 0.001 -13"><span class='ocrx_word' id='word_1_214' title='bbox 286 1745 386 1796; x_wconf 84' lang='grc' dir='ltr'><strong><em>ναὸς</em></strong></span> <span class='ocrx_word' id='word_1_215' title='bbox 411 1749 486 1788; x_wconf 82' lang='grc' dir='ltr'><strong><em>τοῦ</em></strong></span> <span class='ocrx_word' id='word_1_216' title='bbox 530 1744 651 1801; x_wconf 74' lang='grc' dir='ltr'><strong><em>ἁγίου</em></strong></span> <span class='ocrx_word' id='word_1_217' title='bbox 701 1745 938 1801; x_wconf 76' lang='grc' dir='ltr'><strong><em>Θεοδώρου,</em></strong></span> <span class='ocrx_word' id='word_1_218' title='bbox 981 1746 1053 1787; x_wconf 79' lang='grc' dir='ltr'><em>καί</em></span> <span class='ocrx_word' id='word_1_219' title='bbox 1076 1745 1277 1787; x_wconf 77' lang='grc' dir='ltr'><strong><em>εἰσελθών</em></strong></span> <span class='ocrx_word' id='word_1_220' title='bbox 1307 1746 1439 1796; x_wconf 68' lang='grc' dir='ltr'><strong><em>εὐθὺς</em></strong></span> <span class='ocrx_word' id='word_1_221' title='bbox 1471 1744 1492 1787; x_wconf 78' lang='grc' dir='ltr'><strong><em>ὅ</em></strong></span> <span class='ocrx_word' id='word_1_222' title='bbox 1521 1745 1732 1801; x_wconf 83' lang='grc' dir='ltr'><strong><em>βάναυσος</em></strong></span> 
     </span>
    </p>
   </div>
   <div class='ocr_carea' id='block_1_3' title="bbox 374 1867 1333 1904">
    <p class='ocr_par' dir='ltr' id='par_1_3' title="bbox 374 1851 1333 1904">
     <span class='ocr_line' id='line_1_26' title="bbox 374 1867 1333 1904; baseline -0.003 0"><span class='ocrx_word' id='word_1_223' title='bbox 374 1868 409 1904; x_wconf 85' lang='grc'><strong><em>4.</em></strong></span> <span class='ocrx_word' id='word_1_224' title='bbox 438 1867 550 1904; x_wconf 78' lang='grc' dir='ltr'><strong><em>αὐτοῦ</em></strong></span> <span class='ocrx_word' id='word_1_225' title='bbox 577 1869 604 1903; x_wconf 91' lang='lat' dir='ltr'>C</span> <span class='ocrx_word' id='word_1_226' title='bbox 718 1868 751 1902; x_wconf 89' lang='grc'><strong><em>8.</em></strong></span> <span class='ocrx_word' id='word_1_227' title='bbox 778 1867 892 1903; x_wconf 75' lang='grc' dir='ltr'><strong><em>αὐτοῦ</em></strong></span> <span class='ocrx_word' id='word_1_228' title='bbox 920 1868 945 1901; x_wconf 97' lang='lat' dir='ltr'>C</span> <span class='ocrx_word' id='word_1_229' title='bbox 1066 1868 1119 1902; x_wconf 84' lang='lat'><strong><em>17.</em></strong></span> <span class='ocrx_word' id='word_1_230' title='bbox 1149 1869 1189 1902; x_wconf 86' lang='grc' dir='ltr'><strong><em>οἱ</em></strong></span> <span class='ocrx_word' id='word_1_231' title='bbox 1211 1880 1265 1902; x_wconf 90' lang='lat' dir='ltr'><strong><em>om</em></strong></span> <span class='ocrx_word' id='word_1_232' title='bbox 1295 1869 1333 1902; x_wconf 91' lang='lat' dir='ltr'><strong><em>C.</em></strong></span> 
     </span>
    </p>
   </div>
   <div class='ocr_carea' id='block_1_4' title="bbox 281 1981 1729 2731">
    <p class='ocr_par' dir='ltr' id='par_1_4' title="bbox 281 1981 1729 2731">
     <span class='ocr_line' id='line_1_27' title="bbox 283 1981 1728 2026; baseline 0.001 -11"><span class='ocrx_word' id='word_1_233' title='bbox 283 1982 415 2016; x_wconf 76' lang='lat' dir='ltr'>Christi</span> <span class='ocrx_word' id='word_1_234' title='bbox 444 1986 480 2015; x_wconf 84' lang='lat' dir='ltr'><strong><em>et</em></strong></span> <span class='ocrx_word' id='word_1_235' title='bbox 504 1981 648 2015; x_wconf 83' lang='lat' dir='ltr'><strong>divinae</strong></span> <span class='ocrx_word' id='word_1_236' title='bbox 673 1981 794 2014; x_wconf 86' lang='lat' dir='ltr'><strong>matris</strong></span> <span class='ocrx_word' id='word_1_237' title='bbox 825 1993 868 2014; x_wconf 81' lang='lat' dir='ltr'><strong><em>ex</em></strong></span> <span class='ocrx_word' id='word_1_238' title='bbox 896 1981 1058 2014; x_wconf 83' lang='lat' dir='ltr'><strong>omnibus</strong></span> <span class='ocrx_word' id='word_1_239' title='bbox 1095 1981 1252 2014; x_wconf 85' lang='lat' dir='ltr'><strong>ecclesiis</strong></span> <span class='ocrx_word' id='word_1_240' title='bbox 1278 1992 1368 2026; x_wconf 84' lang='lat' dir='ltr'><strong>quae</strong></span> <span class='ocrx_word' id='word_1_241' title='bbox 1395 1981 1459 2014; x_wconf 86' lang='lat' dir='ltr'><strong><em>sub</em></strong></span> <span class='ocrx_word' id='word_1_242' title='bbox 1489 1983 1564 2015; x_wconf 81' lang='lat' dir='ltr'><strong>eius</strong></span> <span class='ocrx_word' id='word_1_243' title='bbox 1590 1982 1728 2017; x_wconf 88' lang='lat' dir='ltr'><strong>ditione</strong></span> 
     </span>
     <span class='ocr_line' id='line_1_28' title="bbox 284 2029 1729 2073; baseline 0 -10"><span class='ocrx_word' id='word_1_244' title='bbox 284 2035 403 2063; x_wconf 84' lang='lat' dir='ltr'><strong>essent</strong></span> <span class='ocrx_word' id='word_1_245' title='bbox 438 2030 656 2062; x_wconf 77' lang='lat' dir='ltr'><strong>extrusisset.</strong></span> <span class='ocrx_word' id='word_1_246' title='bbox 706 2034 813 2073; x_wconf 78' lang='lat' dir='ltr'><strong>atque</strong></span> <span class='ocrx_word' id='word_1_247' title='bbox 845 2029 908 2060; x_wconf 88' lang='lat' dir='ltr'><strong>ille</strong></span> <span class='ocrx_word' id='word_1_248' title='bbox 932 2029 1026 2062; x_wconf 76' lang='lat' dir='ltr'><strong>vitae</strong></span> <span class='ocrx_word' id='word_1_249' title='bbox 1051 2039 1193 2068; x_wconf 84' lang='lat' dir='ltr'><strong>amans,</strong></span> <span class='ocrx_word' id='word_1_250' title='bbox 1230 2029 1383 2061; x_wconf 84' lang='lat' dir='ltr'><strong>virorum</strong></span> <span class='ocrx_word' id='word_1_251' title='bbox 1420 2029 1729 2064; x_wconf 77' lang='lat' dir='ltr'><strong>fraudulentorum</strong></span> 
     </span>
     <span class='ocr_line' id='line_1_29' title="bbox 282 2075 1728 2118; baseline 0.001 -9"><span class='ocrx_word' id='word_1_252' title='bbox 282 2076 433 2110; x_wconf 82' lang='lat' dir='ltr'><strong>consilio</strong></span> <span class='ocrx_word' id='word_1_253' title='bbox 461 2075 650 2109; x_wconf 82' lang='lat' dir='ltr'>obsecutus</span> <span class='ocrx_word' id='word_1_254' title='bbox 684 2086 805 2108; x_wconf 86' lang='lat' dir='ltr'><strong>omnes</strong></span> <span class='ocrx_word' id='word_1_255' title='bbox 843 2087 925 2108; x_wconf 84' lang='lat' dir='ltr'><strong>suae</strong></span> <span class='ocrx_word' id='word_1_256' title='bbox 962 2075 1109 2108; x_wconf 87' lang='lat' dir='ltr'><strong>ditionis</strong></span> <span class='ocrx_word' id='word_1_257' title='bbox 1145 2076 1310 2108; x_wconf 79' lang='lat' dir='ltr'><strong>eeclesias</strong></span> <span class='ocrx_word' id='word_1_258' title='bbox 1345 2075 1502 2118; x_wconf 80' lang='lat' dir='ltr'><strong>delevit3</strong></span> <span class='ocrx_word' id='word_1_259' title='bbox 1527 2076 1591 2110; x_wconf 87' lang='lat' dir='ltr'><strong><em>sed</em></strong></span> <span class='ocrx_word' id='word_1_260' title='bbox 1619 2078 1728 2111; x_wconf 71' lang='lat' dir='ltr'><strong>falsus</strong></span> 
     </span>
     <span class='ocr_line' id='line_1_30' title="bbox 283 2122 1727 2166; baseline 0.001 -9"><span class='ocrx_word' id='word_1_261' title='bbox 283 2124 391 2158; x_wconf 86' lang='lat' dir='ltr'><strong>miser</strong></span> <span class='ocrx_word' id='word_1_262' title='bbox 415 2124 575 2156; x_wconf 81' lang='lat' dir='ltr'><strong>meritam</strong></span> <span class='ocrx_word' id='word_1_263' title='bbox 612 2123 775 2155; x_wconf 83' lang='lat' dir='ltr'><strong>vesaniae</strong></span> <span class='ocrx_word' id='word_1_264' title='bbox 812 2133 963 2166; x_wconf 80' lang='lat' dir='ltr'><strong>poenam</strong></span> <span class='ocrx_word' id='word_1_265' title='bbox 988 2122 1113 2166; x_wconf 81' lang='lat' dir='ltr'><strong>dedit3</strong></span> <span class='ocrx_word' id='word_1_266' title='bbox 1154 2123 1302 2156; x_wconf 87' lang='lat' dir='ltr'><strong>accessit</strong></span> <span class='ocrx_word' id='word_1_267' title='bbox 1326 2133 1406 2156; x_wconf 87' lang='lat' dir='ltr'><strong><em>eum</em></strong></span> <span class='ocrx_word' id='word_1_268' title='bbox 1431 2124 1526 2156; x_wconf 86' lang='lat' dir='ltr'><strong>enim</strong></span> <span class='ocrx_word' id='word_1_269' title='bbox 1554 2124 1646 2158; x_wconf 84' lang='lat' dir='ltr'><strong>ultio</strong></span> <span class='ocrx_word' id='word_1_270' title='bbox 1671 2124 1727 2158; x_wconf 87' lang='lat' dir='ltr'><strong><em>di-</em></strong></span> 
     </span>
     <span class='ocr_line' id='line_1_31' title="bbox 282 2169 1728 2215; baseline 0.001 -11"><span class='ocrx_word' id='word_1_271' title='bbox 282 2170 366 2204; x_wconf 85' lang='lat' dir='ltr'><strong>vina</strong></span> <span class='ocrx_word' id='word_1_272' title='bbox 391 2181 485 2202; x_wconf 86' lang='lat' dir='ltr'><strong>anno</strong></span> <span class='ocrx_word' id='word_1_273' title='bbox 509 2169 668 2203; x_wconf 84' lang='lat' dir='ltr'><strong>nondum</strong></span> <span class='ocrx_word' id='word_1_274' title='bbox 700 2175 835 2203; x_wconf 80' lang='lat' dir='ltr'><strong>exacto.</strong></span> <span class='ocrx_word' id='word_1_275' title='bbox 886 2170 961 2201; x_wconf 87' lang='lat' dir='ltr'><strong>eius</strong></span> <span class='ocrx_word' id='word_1_276' title='bbox 1005 2169 1099 2201; x_wconf 85' lang='lat' dir='ltr'><strong>filius</strong></span> <span class='ocrx_word' id='word_1_277' title='bbox 1135 2180 1245 2215; x_wconf 86' lang='lat' dir='ltr'><strong>quum</strong></span> <span class='ocrx_word' id='word_1_278' title='bbox 1272 2170 1305 2202; x_wconf 85' lang='lat' dir='ltr'><strong><em>ei</em></strong></span> <span class='ocrx_word' id='word_1_279' title='bbox 1334 2171 1570 2212; x_wconf 78' lang='lat' dir='ltr'><strong>successisset,</strong></span> <span class='ocrx_word' id='word_1_280' title='bbox 1593 2176 1634 2204; x_wconf 84' lang='lat' dir='ltr'><strong><em>ut</em></strong></span> <span class='ocrx_word' id='word_1_281' title='bbox 1655 2172 1728 2205; x_wconf 76' lang='lat' dir='ltr'>fal-</span> 
     </span>
     <span class='ocr_line' id='line_1_32' title="bbox 284 2214 1728 2262; baseline 0.001 -12"><span class='ocrx_word' id='word_1_282' title='bbox 284 2229 340 2250; x_wconf 86' lang='lat' dir='ltr'><strong><em>sos</em></strong></span> <span class='ocrx_word' id='word_1_283' title='bbox 376 2222 474 2251; x_wconf 77' lang='lat' dir='ltr'><strong>vates</strong></span> <span class='ocrx_word' id='word_1_284' title='bbox 521 2228 582 2250; x_wconf 90' lang='lat' dir='ltr'><strong><em>eos</em></strong></span> <span class='ocrx_word' id='word_1_285' title='bbox 616 2217 869 2250; x_wconf 80' lang='lat' dir='ltr'><strong>interfecturus</strong></span> <span class='ocrx_word' id='word_1_286' title='bbox 902 2221 998 2258; x_wconf 79' lang='lat' dir='ltr'><strong>erat3</strong></span> <span class='ocrx_word' id='word_1_287' title='bbox 1034 2214 1132 2260; x_wconf 87' lang='lat' dir='ltr'><strong>quod</strong></span> <span class='ocrx_word' id='word_1_288' title='bbox 1174 2228 1282 2261; x_wconf 92' lang='lat' dir='ltr'><strong>quum</strong></span> <span class='ocrx_word' id='word_1_289' title='bbox 1318 2217 1374 2249; x_wconf 84' lang='lat' dir='ltr'><strong>illi</strong></span> <span class='ocrx_word' id='word_1_290' title='bbox 1411 2219 1668 2262; x_wconf 84' lang='lat' dir='ltr'><strong>comperissent</strong></span> <span class='ocrx_word' id='word_1_291' title='bbox 1690 2219 1728 2252; x_wconf 86' lang='lat' dir='ltr'><strong><em>in</em></strong></span> 
     </span>
     <span class='ocr_line' id='line_1_33' title="bbox 282 2262 1728 2310; baseline 0.001 -13"><span class='ocrx_word' id='word_1_292' title='bbox 282 2265 421 2298; x_wconf 85' lang='lat' dir='ltr'><strong>Isauros</strong></span> <span class='ocrx_word' id='word_1_293' title='bbox 446 2263 672 2308; x_wconf 81' lang='lat' dir='ltr'><strong>aufugerunt.</strong></span> <span class='ocrx_word' id='word_1_294' title='bbox 722 2263 901 2309; x_wconf 73' lang='lat' dir='ltr'><strong>quondam</strong></span> <span class='ocrx_word' id='word_1_295' title='bbox 927 2274 1038 2309; x_wconf 87' lang='lat' dir='ltr'><strong>quum</strong></span> <span class='ocrx_word' id='word_1_296' title='bbox 1064 2262 1100 2294; x_wconf 86' lang='lat' dir='ltr'><strong><em>hi</em></strong></span> <span class='ocrx_word' id='word_1_297' title='bbox 1126 2273 1237 2307; x_wconf 85' lang='lat' dir='ltr'><strong>prope</strong></span> <span class='ocrx_word' id='word_1_298' title='bbox 1261 2264 1398 2297; x_wconf 82' lang='lat' dir='ltr'><strong>sontem</strong></span> <span class='ocrx_word' id='word_1_299' title='bbox 1424 2265 1580 2310; x_wconf 82' lang='lat' dir='ltr'><strong>quietem</strong></span> <span class='ocrx_word' id='word_1_300' title='bbox 1609 2277 1728 2299; x_wconf 85' lang='lat' dir='ltr'><strong>sume-</strong></span> 
     </span>
     <span class='ocr_line' id='line_1_34' title="bbox 284 2308 1727 2356; baseline 0.001 -11"><span class='ocrx_word' id='word_1_301' title='bbox 284 2316 374 2350; x_wconf 79' lang='lat' dir='ltr'><strong>rent,</strong></span> <span class='ocrx_word' id='word_1_302' title='bbox 397 2311 607 2355; x_wconf 85' lang='lat' dir='ltr'><strong>supervenit</strong></span> <span class='ocrx_word' id='word_1_303' title='bbox 633 2311 727 2350; x_wconf 80' lang='lat' dir='ltr'><strong>Len,</strong></span> <span class='ocrx_word' id='word_1_304' title='bbox 753 2311 935 2343; x_wconf 78' lang='lat' dir='ltr'><strong>etiamtum</strong></span> <span class='ocrx_word' id='word_1_305' title='bbox 976 2308 1183 2342; x_wconf 82' lang='lat' dir='ltr'><strong>adolescens</strong></span> <span class='ocrx_word' id='word_1_306' title='bbox 1212 2310 1384 2343; x_wconf 87' lang='lat' dir='ltr'><strong>formosus</strong></span> <span class='ocrx_word' id='word_1_307' title='bbox 1412 2323 1452 2345; x_wconf 85' lang='lat' dir='ltr'><strong>ac</strong></span> <span class='ocrx_word' id='word_1_308' title='bbox 1478 2323 1625 2356; x_wconf 87' lang='lat' dir='ltr'><strong>procero</strong></span> <span class='ocrx_word' id='word_1_309' title='bbox 1646 2323 1727 2346; x_wconf 85' lang='lat' dir='ltr'><strong>cor-</strong></span> 
     </span>
     <span class='ocr_line' id='line_1_35' title="bbox 283 2357 1727 2405; baseline 0.002 -15"><span class='ocrx_word' id='word_1_310' title='bbox 283 2369 382 2403; x_wconf 86' lang='lat' dir='ltr'><strong>pore,</strong></span> <span class='ocrx_word' id='word_1_311' title='bbox 404 2358 467 2404; x_wconf 87' lang='lat' dir='ltr'><strong><em>qui</em></strong></span> <span class='ocrx_word' id='word_1_312' title='bbox 494 2357 635 2391; x_wconf 85' lang='lat' dir='ltr'><strong>sordida</strong></span> <span class='ocrx_word' id='word_1_313' title='bbox 661 2363 735 2390; x_wconf 82' lang='lat' dir='ltr'><strong>arte</strong></span> <span class='ocrx_word' id='word_1_314' title='bbox 766 2357 990 2390; x_wconf 79' lang='lat' dir='ltr'><strong>sustentabat</strong></span> <span class='ocrx_word' id='word_1_315' title='bbox 1014 2357 1121 2388; x_wconf 78' lang='lat' dir='ltr'><strong>vitam</strong></span> <span class='ocrx_word' id='word_1_316' title='bbox 1150 2361 1186 2389; x_wconf 85' lang='lat' dir='ltr'><strong><em>et</em></strong></span> <span class='ocrx_word' id='word_1_317' title='bbox 1210 2358 1387 2392; x_wconf 85' lang='lat' dir='ltr'><strong>mercibus</strong></span> <span class='ocrx_word' id='word_1_318' title='bbox 1415 2359 1582 2392; x_wconf 81' lang='lat' dir='ltr'><strong>iumentis</strong></span> <span class='ocrx_word' id='word_1_319' title='bbox 1606 2359 1727 2405; x_wconf 88' lang='lat' dir='ltr'><strong>impo-</strong></span> 
     </span>
     <span class='ocr_line' id='line_1_36' title="bbox 282 2402 1726 2449; baseline 0.001 -11"><span class='ocrx_word' id='word_1_320' title='bbox 282 2406 360 2438; x_wconf 85' lang='lat' dir='ltr'><strong>sitis</strong></span> <span class='ocrx_word' id='word_1_321' title='bbox 385 2404 612 2449; x_wconf 80' lang='lat' dir='ltr'><strong>venditisque</strong></span> <span class='ocrx_word' id='word_1_322' title='bbox 638 2406 763 2437; x_wconf 80' lang='lat' dir='ltr'><strong>misere</strong></span> <span class='ocrx_word' id='word_1_323' title='bbox 797 2405 929 2437; x_wconf 83' lang='lat' dir='ltr'><strong>victum</strong></span> <span class='ocrx_word' id='word_1_324' title='bbox 954 2402 1165 2448; x_wconf 51' lang='lat' dir='ltr'><strong>quaerebam</strong></span> <span class='ocrx_word' id='word_1_325' title='bbox 1199 2409 1275 2436; x_wconf 84' lang='lat' dir='ltr'><strong><em>tum</em></strong></span> <span class='ocrx_word' id='word_1_326' title='bbox 1317 2405 1513 2439; x_wconf 84' lang='lat' dir='ltr'><strong>iumentum</strong></span> <span class='ocrx_word' id='word_1_327' title='bbox 1539 2417 1647 2440; x_wconf 84' lang='lat' dir='ltr'><strong>onere</strong></span> <span class='ocrx_word' id='word_1_328' title='bbox 1669 2406 1726 2439; x_wconf 77' lang='lat' dir='ltr'><strong><em>le—</em></strong></span> 
     </span>
     <span class='ocr_line' id='line_1_37' title="bbox 281 2449 1725 2497; baseline 0.001 -12"><span class='ocrx_word' id='word_1_329' title='bbox 281 2452 378 2486; x_wconf 82' lang='lat' dir='ltr'><strong>vavit</strong></span> <span class='ocrx_word' id='word_1_330' title='bbox 411 2451 611 2497; x_wconf 84' lang='lat' dir='ltr'><strong>prandendi</strong></span> <span class='ocrx_word' id='word_1_331' title='bbox 652 2462 756 2484; x_wconf 79' lang='lat' dir='ltr'><strong>causa</strong></span> <span class='ocrx_word' id='word_1_332' title='bbox 791 2458 826 2484; x_wconf 83' lang='lat' dir='ltr'><strong><em>et</em></strong></span> <span class='ocrx_word' id='word_1_333' title='bbox 861 2452 938 2495; x_wconf 84' lang='lat' dir='ltr'><strong>ipse</strong></span> <span class='ocrx_word' id='word_1_334' title='bbox 973 2449 1018 2482; x_wconf 79' lang='lat' dir='ltr'><strong><em>ad</em></strong></span> <span class='ocrx_word' id='word_1_335' title='bbox 1052 2450 1187 2482; x_wconf 79' lang='lat' dir='ltr'><strong>fontem</strong></span> <span class='ocrx_word' id='word_1_336' title='bbox 1212 2452 1383 2485; x_wconf 86' lang='lat' dir='ltr'><strong>consedit.</strong></span> <span class='ocrx_word' id='word_1_337' title='bbox 1432 2452 1516 2485; x_wconf 86' lang='lat' dir='ltr'><strong>huic</strong></span> <span class='ocrx_word' id='word_1_338' title='bbox 1541 2453 1595 2486; x_wconf 90' lang='lat' dir='ltr'><strong>illi</strong></span> <span class='ocrx_word' id='word_1_339' title='bbox 1620 2453 1725 2497; x_wconf 85' lang='lat' dir='ltr'><strong>genio</strong></span> 
     </span>
     <span class='ocr_line' id='line_1_38' title="bbox 281 2496 1722 2545; baseline 0.002 -15"><span class='ocrx_word' id='word_1_340' title='bbox 281 2499 486 2532; x_wconf 83' lang='lat' dir='ltr'><strong>vaticinium</strong></span> <span class='ocrx_word' id='word_1_341' title='bbox 514 2504 723 2542; x_wconf 80' lang='lat' dir='ltr'><strong>suggerente</strong></span> <span class='ocrx_word' id='word_1_342' title='bbox 748 2498 971 2542; x_wconf 75' lang='lat' dir='ltr'><strong>praedicunt,</strong></span> <span class='ocrx_word' id='word_1_343' title='bbox 997 2496 1072 2529; x_wconf 82' lang='lat' dir='ltr'><strong>fore</strong></span> <span class='ocrx_word' id='word_1_344' title='bbox 1098 2501 1137 2528; x_wconf 87' lang='lat' dir='ltr'><strong><em>ut</em></strong></span> <span class='ocrx_word' id='word_1_345' title='bbox 1159 2497 1396 2531; x_wconf 84' lang='lat' dir='ltr'><strong>Romanorum</strong></span> <span class='ocrx_word' id='word_1_346' title='bbox 1422 2499 1572 2545; x_wconf 84' lang='lat' dir='ltr'><strong>imperio</strong></span> <span class='ocrx_word' id='word_1_347' title='bbox 1599 2500 1722 2545; x_wconf 85' lang='lat' dir='ltr'><strong>potia-</strong></span> 
     </span>
     <span class='ocr_line' id='line_1_39' title="bbox 283 2544 1724 2592; baseline 0.001 -14"><span class='ocrx_word' id='word_1_348' title='bbox 283 2550 341 2578; x_wconf 78' lang='lat' dir='ltr'><strong><em>tur</em></strong></span> <span class='ocrx_word' id='word_1_349' title='bbox 364 2551 400 2579; x_wconf 87' lang='lat' dir='ltr'><strong><em>et</em></strong></span> <span class='ocrx_word' id='word_1_350' title='bbox 423 2557 498 2579; x_wconf 86' lang='lat' dir='ltr'><strong><em>non</em></strong></span> <span class='ocrx_word' id='word_1_351' title='bbox 523 2544 681 2578; x_wconf 87' lang='lat' dir='ltr'><strong>credenti</strong></span> <span class='ocrx_word' id='word_1_352' title='bbox 706 2545 761 2577; x_wconf 89' lang='lat' dir='ltr'><strong>iili</strong></span> <span class='ocrx_word' id='word_1_353' title='bbox 791 2550 826 2577; x_wconf 84' lang='lat' dir='ltr'><strong><em>et</em></strong></span> <span class='ocrx_word' id='word_1_354' title='bbox 842 2549 1087 2590; x_wconf 82' lang='lat' dir='ltr'><strong>paupertatem</strong></span> <span class='ocrx_word' id='word_1_355' title='bbox 1114 2544 1319 2587; x_wconf 82' lang='lat' dir='ltr'><strong>respicienti</strong></span> <span class='ocrx_word' id='word_1_356' title='bbox 1348 2546 1552 2585; x_wconf 81' lang='lat' dir='ltr'><strong>iuramentis</strong></span> <span class='ocrx_word' id='word_1_357' title='bbox 1578 2557 1724 2592; x_wconf 77' lang='lat' dir='ltr'><strong>persua-</strong></span> 
     </span>
     <span class='ocr_line' id='line_1_40' title="bbox 283 2590 1726 2637; baseline 0.001 -13"><span class='ocrx_word' id='word_1_358' title='bbox 283 2597 406 2626; x_wconf 82' lang='lat' dir='ltr'><strong>serunt</strong></span> <span class='ocrx_word' id='word_1_359' title='bbox 433 2591 542 2633; x_wconf 86' lang='lat' dir='ltr'><strong>athei,</strong></span> <span class='ocrx_word' id='word_1_360' title='bbox 567 2592 617 2625; x_wconf 82' lang='lat' dir='ltr'><strong><em>ita</em></strong></span> <span class='ocrx_word' id='word_1_361' title='bbox 640 2602 715 2624; x_wconf 82' lang='lat' dir='ltr'><strong>esse</strong></span> <span class='ocrx_word' id='word_1_362' title='bbox 743 2591 912 2625; x_wconf 86' lang='lat' dir='ltr'><strong>futurum.</strong></span> <span class='ocrx_word' id='word_1_363' title='bbox 963 2597 1036 2623; x_wconf 88' lang='lat' dir='ltr'><strong><em>tum</em></strong></span> <span class='ocrx_word' id='word_1_364' title='bbox 1056 2590 1124 2622; x_wconf 89' lang='lat' dir='ltr'><strong>iuri</strong></span> <span class='ocrx_word' id='word_1_365' title='bbox 1152 2590 1303 2625; x_wconf 81' lang='lat' dir='ltr'><strong>iurando</strong></span> <span class='ocrx_word' id='word_1_366' title='bbox 1333 2603 1413 2626; x_wconf 85' lang='lat' dir='ltr'><strong><em>eum</em></strong></span> <span class='ocrx_word' id='word_1_367' title='bbox 1441 2593 1598 2637; x_wconf 81' lang='lat' dir='ltr'><strong>adigunt,</strong></span> <span class='ocrx_word' id='word_1_368' title='bbox 1628 2594 1657 2626; x_wconf 87' lang='lat' dir='ltr'><strong><em>si</em></strong></span> <span class='ocrx_word' id='word_1_369' title='bbox 1680 2592 1726 2626; x_wconf 86' lang='lat' dir='ltr'><strong><em>ad</em></strong></span> 
     </span>
     <span class='ocr_line' id='line_1_41' title="bbox 283 2638 1725 2685; baseline 0.001 -15"><span class='ocrx_word' id='word_1_370' title='bbox 283 2649 364 2671; x_wconf 89' lang='lat' dir='ltr'><strong><em>eum</em></strong></span> <span class='ocrx_word' id='word_1_371' title='bbox 391 2639 496 2672; x_wconf 81' lang='lat' dir='ltr'><strong>finem</strong></span> <span class='ocrx_word' id='word_1_372' title='bbox 521 2639 732 2684; x_wconf 85' lang='lat' dir='ltr'><strong>pervenerit,</strong></span> <span class='ocrx_word' id='word_1_373' title='bbox 758 2649 834 2671; x_wconf 86' lang='lat' dir='ltr'><strong>sese</strong></span> <span class='ocrx_word' id='word_1_374' title='bbox 861 2638 978 2671; x_wconf 82' lang='lat' dir='ltr'><strong>statim</strong></span> <span class='ocrx_word' id='word_1_375' title='bbox 1002 2638 1174 2670; x_wconf 81' lang='lat' dir='ltr'><strong>facturum</strong></span> <span class='ocrx_word' id='word_1_376' title='bbox 1203 2639 1301 2683; x_wconf 86' lang='lat' dir='ltr'><strong>quod</strong></span> <span class='ocrx_word' id='word_1_377' title='bbox 1327 2650 1406 2672; x_wconf 85' lang='lat' dir='ltr'><strong><em>eum</em></strong></span> <span class='ocrx_word' id='word_1_378' title='bbox 1431 2640 1643 2685; x_wconf 83' lang='lat' dir='ltr'><strong>postulaturi</strong></span> <span class='ocrx_word' id='word_1_379' title='bbox 1667 2650 1725 2673; x_wconf 81' lang='lat' dir='ltr'><strong><em>es-</em></strong></span> 
     </span>
     <span class='ocr_line' id='line_1_42' title="bbox 285 2684 1725 2731; baseline 0.001 -13"><span class='ocrx_word' id='word_1_380' title='bbox 285 2690 373 2718; x_wconf 84' lang='lat' dir='ltr'><strong>sent.</strong></span> <span class='ocrx_word' id='word_1_381' title='bbox 422 2696 535 2731; x_wconf 85' lang='lat' dir='ltr'><strong>prope</strong></span> <span class='ocrx_word' id='word_1_382' title='bbox 559 2691 635 2720; x_wconf 83' lang='lat' dir='ltr'><strong>erat</strong></span> <span class='ocrx_word' id='word_1_383' title='bbox 661 2685 712 2719; x_wconf 88' lang='lat' dir='ltr'><strong>St.</strong></span> <span class='ocrx_word' id='word_1_384' title='bbox 729 2685 911 2718; x_wconf 87' lang='lat' dir='ltr'><strong>Theodori</strong></span> <span class='ocrx_word' id='word_1_385' title='bbox 938 2684 1134 2730; x_wconf 80' lang='lat' dir='ltr'><strong>templum3</strong></span> <span class='ocrx_word' id='word_1_386' title='bbox 1165 2685 1202 2717; x_wconf 86' lang='lat' dir='ltr'><strong><em>iu</em></strong></span> <span class='ocrx_word' id='word_1_387' title='bbox 1229 2685 1266 2718; x_wconf 89' lang='lat' dir='ltr'><strong><em>id</em></strong></span> <span class='ocrx_word' id='word_1_388' title='bbox 1290 2687 1466 2731; x_wconf 85' lang='lat' dir='ltr'><strong>ingressus</strong></span> <span class='ocrx_word' id='word_1_389' title='bbox 1491 2688 1559 2720; x_wconf 85' lang='lat' dir='ltr'><strong><em>Leo</em></strong></span> <span class='ocrx_word' id='word_1_390' title='bbox 1585 2691 1725 2721; x_wconf 82' lang='lat' dir='ltr'><strong>sanctos</strong></span> 
     </span>
    </p>
   </div>
  </div>
 </body>
</html>
