1838 3132
623 119 1117 165 CHRONOGRAPmA.
1538 112 1598 158 91

151 225 286 276 τρίτον
314 218 394 277 ἤδη
421 221 725 276 ἐκστρατεύσας
753 224 841 262 κατ’
870 223 1024 262 αὐτῶν.
1082 219 1153 260 καὶ
1185 218 1347 266 Γάλλος
1377 212 1603 260 κατεπολὲἓ-

148 305 218 341 μει
243 289 322 341 μὲν
345 291 618 343 ΖΙΙαγνέντιον,
643 284 691 328 ὃν
720 289 793 329 καί
820 286 993 338 ἀνεῖλεν,
1021 281 1109 328 εἶτα
1140 286 1211 326 καί
1238 282 1342 338 μετὰ
1372 286 1603 326 Κωνσταν-

148 355 241 396 τίου
267 357 448 407 γίνεται·
516 351 564 394 ὃν
604 351 626 393 ὅ
671 352 966 401 Κωνστοίντιος
995 351 1158 409 θωπείᾳ
1198 352 1270 392 καί
1294 348 1486 408 κολακείᾳ
1512 365 1603 404 χει-

149 419 392 474 ρωσάμενος
421 419 615 474 ἀναιρεῖ,
643 418 714 460 καί
740 417 817 473 την
847 418 999 460 τούτου
1027 417 1166 472 α’ρχὴν
1195 419 1347 472 μηδενί
1373 413 1462 458 τότε
1489 414 1604 470 δούς,

115 490 234 540 5μετ’
278 488 330 527 ου’
372 486 503 528 πολύν
538 485 718 540 χρόνον,
758 484 853 527 ἐπεὶ
883 486 1075 539 μεγάλως
1115 483 1162 526 τό
1197 486 1380 538 Περσῶν
1419 485 1604 538 κεκίνητο

147 553 420 607 στράτευμα,
460 553 519 608 τῷ
546 553 622 593 τοῦ
649 552 816 594 Γάλλου
849 551 1021 608 ἀδελφῷ
1046 552 1252 607 Ἰουλιανῷ
1279 549 1433 605 ταύτην
1462 566 1602 603 παρα..

149 621 334 674 δίδωσιν,
364 621 408 670 ἐξ
432 619 623 674 Ἀθηνῶν
650 617 781 660 αὐτὸν
809 617 974 672 ἀγαγών
1002 617 1073 659 καί
1090 616 1465 672 προχειρισάμενος
1490 618 1604 658 Καί-

149 702 280 740 σαρα,
313 685 391 726 οὐκ
431 683 601 727 ἔλαττον
646 686 706 734 εἰς
734 686 856 726 τοῦτο
884 686 1062 739 σφαλείς
1087 680 1115 738 ἢ
1143 683 1188 724 τὸ
1214 679 1382 737 Ἀρείου
1410 684 1604 737 προΐστα-

148 754 267 804 σθαι,
292 752 350 800 ὥς
377 752 435 800 εἰς
459 747 714 794 Ἀθανάσιον
743 752 966 792 ἐπίσκοπον
988 750 1306 803 Ἀλεξανδρείας
1331 749 1403 790 καί
1425 750 1604 791 Παῦλον

95 819 632 866 10](ωνσταντινουπόλεως
659 815 792 859 πολλὰ
813 816 916 858 κακὰ
946 818 1234 867 ἐνδείξασθαι.
1289 814 1391 865 κατὰ
1421 816 1604 870 Περσῶν

148 883 196 924 δὲ
236 883 567 938 ἐκστρατεύσας,
609 885 683 926 καί
721 883 876 936 μαθών
916 883 973 932 ὥς
1014 884 1194 937 α’ντῆρεν
1229 880 1455 930 Ἰουλιανός
1485 882 1604 939 αὐτῷ

147 947 230 991 ὑπὸ
261 953 332 1005 τῆς
363 952 584 1005 συνεχείας
615 953 695 992 ταῖν
722 951 958 1006 φροντίδων
986 949 1112 992 νόσου
1139 948 1427 1003 ἐπιγενομένης
1454 950 1500 990 ἐκ
1526 963 1602 1000 με·

147 1015 288 1072 λαίνης
315 1019 469 1071 χολῆς,
499 1018 558 1065 εἰς
591 1016 751 1069 Μόψου
793 1015 949 1071 κρήνην
978 1017 1262 1070 ἐτελεύτησεν,
1291 1016 1335 1056 ἐν
1361 1019 1455 1062 ταῖς
1482 1011 1602 1055 ainw-

145 1085 280 1137 ρειάις
308 1084 385 1124 τοῦ
419 1082 586 1137 Ταύρου
614 1085 825 1139 κειμένην·
882 1081 927 1124 τὸ
957 1084 1004 1124 δὲ
1041 1083 1166 1135 σῶμα
1195 1081 1327 1123 αιῖτοῦ
1355 1077 1551 1134 Ἰοβιανός
1580 1078 1603 1122 ὅ

92 1147 249 1202 mesra?
278 1151 416 1191 ταῦτα
451 1147 739 1203 βασιλεύσας,
783 1149 1014 1203 προτίκτωρ
1046 1144 1127 1201 ὧν,
1154 1144 1258 1201 μετὰ
1289 1146 1498 1200 Εὕσεβιάς
1528 1148 1600 1200 τῆς

146 1216 279 1257 αὐτοῦ
306 1213 703 1272 πρώτης-γυναικός,
732 1216 990 1269 ἀποκομίσας
1009 1212 1186 1257 ἀπέθετο
1214 1214 1388 1270 πλησίον
1418 1214 1494 1255 τοῦ
1521 1230 1600 1254 πα-

143 1279 243 1337 τρὸς
272 1282 408 1323 αὐτοῦ
436 1284 480 1324 έν
507 1285 564 1339 τιῦ
602 1280 742 1340 ἥρω’ῳ.

255 1345 552 1390 Κωνστοίντιον
580 1347 807 1403 κουφότητι
840 1347 1005 1402 γνώμης
1031 1347 1235 1400 Εὐσέβιος
1265 1363 1284 1388 ο
1318 1348 1602 1402 Νικομηδείας

144 1414 394 1466 παρέπεισεν
424 1413 675 1468 ἄρειανίζειν
703 1415 777 1455 καί
794 1430 869 1467 την
895 1415 1005 1463 λέξιν
1037 1414 1110 1455 τοῦ
1130 1413 1358 1466 ὁμοουσίου
1386 1429 1443 1462 ως
1470 1428 1602 1467 αγρα-

87 1489 227 1534 20q>ov
254 1479 455 1532 ἐκβαλεῖν,
530 1478 805 1534 Ἀλεξανδρου
835 1478 1101 1534 πατριάρχου
1129 1479 1450 1534 τελευτήσαντος
1476 1481 1605 1521 ,1Ιαῦ-

145 1549 214 1593 λος
245 1543 266 1586 ὃ
297 1545 544 1600 ὁμολογητὴς
580 1552 899 1599 χειροτονεῖται.
966 1546 1114 1589 τούτου
1157 1548 1426 1602 ἐκβληθέντος
1454 1543 1604 1588 ἑαυτὸν

144 1613 350 1666 Ειῖσέβιος
387 1611 538 1665 δώροις
579 1611 601 1654 ὅ
636 1612 900 1669 Νικομηδίας
944 1614 1176 1667 ὲνθρονίζει
1217 1614 1275 1661 εἰς
1315 1609 1602 1668 πατριάρχην·

145 1674 224 1721 εἷθ’
251 1675 385 1728 οὕτως
421 1680 546 1722 πάλιν
577 1682 757 1731 Παῦλος
788 1678 859 1722 τὸν
892 1678 1042 1734 θρόνον
1071 1678 1382 1734 ἀπολαμβάνει,
1411 1681 1485 1720 καί
1508 1679 1600 1732 μετ’

244 1801 298 1835 14.
318 1798 522 1843 Ἰουλιανὸς
544 1815 639 1852 μετα
665 1805 693 1839 C
836 1805 889 1838 15.
913 1807 1116 1851 προτίκτων
1145 1803 1172 1838 C
1328 1802 1382 1838 18.
1405 1814 1467 1851 γρ.
1495 1804 1599 1851 λογι-

239 1859 336 1897 σμου
361 1863 407 1884 ΠΙ.

145 1947 323 1988 maritum,
353 1946 527 1993 deditque
553 1948 584 1980 ei
601 1947 819 1981 occidentem
837 1947 1170 1990 administrandum,
1193 1948 1272 1993 ipse
1290 1947 1475 1981 Persarum
1498 1947 1598 1981 bello

145 2000 338 2040 occupatus
363 2001 449 2035 erat,
477 2001 601 2029 contra
624 2007 714 2041 quos
740 1997 881 2028 tertium
915 1997 987 2029 iam
1024 2002 1100 2030 erat
1127 1997 1318 2040 prosectu&
1368 1995 1494 2028 Gallus
1518 1996 1599 2028 Ma-

146 2043 331 2085 gnentium
358 2041 455 2075 bello
479 2047 684 2088 superatum
713 2043 904 2077 interfecit.
935 2055 1014 2076 eum
1039 2044 1269 2076 Constantius
1297 2042 1506 2075 adulatione
1530 2041 1599 2075 de·
1646 2055 1648 2058 ·

146 2095 271 2133 ceptus
298 2090 490 2123 interfecit.
556 2096 593 2123 et
631 2096 706 2123 tum
741 2091 885 2136 quidem
923 2091 1000 2123 eius
1037 2091 1226 2135 imperium
1262 2090 1397 2123 nemini
1434 2089 1597 2129 tradidit,

147 2137 256 2179 paulo
283 2142 366 2182 post
403 2149 484 2170 vero
505 2162 514 2178 ,
550 2138 731 2171 Persarum
770 2139 927 2171 exercitu
970 2136 1160 2171 admodum
1187 2138 1350 2178 incitato,
1377 2137 1472 2170 Gaui
1498 2137 1597 2170 fratri

146 2183 287 2217 Iuliano
315 2184 500 2229 imperium
527 2185 678 2219 tradidit
704 2197 857 2230 euinque
879 2185 1026 2219 Athenis
1052 2186 1259 2219 arcessitum
1286 2186 1469 2218 Caesarem
1498 2184 1597 2225 fecit,

147 2242 217 2275 qua
244 2243 280 2265 re
307 2243 382 2265 non
407 2233 522 2265 minus
550 2233 721 2277 peccavit,
749 2244 856 2279 quam
876 2245 984 2279 quum
1011 2234 1094 2266 Ario
1124 2233 1269 2267 favebat
1298 2233 1349 2266 ita
1373 2232 1532 2278 quidem,
1558 2237 1616 2266 ut-

147 2278 259 2310 muita
283 2279 375 2312 mala
398 2279 606 2320 Athanasio,
634 2279 871 2313 Alexandriae
897 2281 1077 2325 episcopo,
1102 2286 1139 2314 et
1162 2281 1272 2313 Paulo
1290 2279 1596 2324 Constantinopo-

147 2324 261 2358 litano
286 2326 474 2380 infligeret.
535 2333 658 2361 contra
694 2329 813 2362 Persas
854 2327 1036 2373 profectus
1071 2339 1180 2373 quum
1214 2328 1393 2370 Iulianum
1420 2326 1596 2360 defecisse

147 2373 378 2416 comperisset
400 2374 582 2407 coutinuis
606 2375 697 2407 curis
723 2387 766 2408 ex
787 2380 863 2408 atra
888 2375 961 2408 bile
993 2375 1135 2408 morbus
1159 2381 1256 2409 ortus
1283 2380 1348 2415 est,
1374 2386 1445 2419 quo
1469 2372 1595 2407 morbo

147 2430 259 2463 prope
284 2420 399 2465 Mopsi
421 2421 556 2454 sontem
584 2422 650 2454 sub
679 2422 858 2456 radicibus
879 2422 986 2455 Tauri
1012 2423 1142 2455 montis
1169 2429 1327 2456 mortuus
1353 2426 1418 2454 est.
1467 2432 1594 2466 corpus

147 2466 222 2499 eius
250 2477 269 2498 a
296 2468 441 2501 Ioviano
467 2474 669 2513 protectore
696 2470 798 2504 iuxta
821 2469 1024 2512 Eusebiam,
1048 2470 1197 2516 primam
1226 2480 1371 2503 uxorem
1394 2469 1432 2500 in
1458 2469 1593 2515 templo

147 2524 260 2558 prope
285 2519 419 2557 patrem
447 2517 524 2549 eius
550 2517 730 2560 sepultum
755 2523 820 2551 est.

241 2561 453 2595 Constantio
482 2563 655 2597 Eusebius
678 2564 949 2598 Nicomedensis
984 2565 1132 2599 rationis
1160 2564 1307 2597 levitate
1335 2562 1530 2608 persuasit,
1554 2567 1595 2596 ut

147 2607 218 2640 Arii
246 2607 443 2641 doctrinam
473 2611 690 2653 praeferret,
726 2617 763 2645 et
797 2612 993 2646 doctrinam
1030 2612 1236 2646 homousiae
1276 2616 1316 2643 ut
1348 2609 1485 2643 bibliae
1519 2620 1594 2644 non

145 2660 421 2688 consentaneam
451 2657 625 2692 rei-iceret.
672 2665 813 2692 mortuo
840 2660 1040 2693 Alexandro
1074 2658 1274 2703 patriarcha
1298 2658 1426 2691 Paulus
1449 2658 1593 2691 confes-

146 2712 203 2736 sot
227 2708 366 2737 creatus
391 2709 454 2738 est.
515 2715 558 2738 eo
586 2706 691 2752 pulso
716 2706 891 2741 Eusebius
924 2707 1029 2741 donis
1052 2707 1122 2741 sibi
1144 2704 1422 2753 patriarchatum
1447 2716 1591 2752 compa-
