1838 3132
301 99 373 174 nE
397 134 798 178 THESSALONJCA
824 134 862 176 Α
886 134 1096 176 LATlNis
1123 133 1314 179 CAPTA.
1431 128 1527 178 467

93 230 210 287 δίου,
239 234 312 274 καί
343 234 551 282 ἐπιδόντες
579 230 757 283 ἑαυτοὺς
779 234 1012 290 πεσσουλίῳ
1054 235 1130 275 τοῦ
1157 235 1290 278 ἐκεῖσε
1316 236 1533 291 βραχυτά..

92 312 167 341 wv
207 301 382 354 λοετροῦ
412 301 635 356 ἐκείμεθα,
663 298 814 353 χόρτον
843 295 1017 351 ἄμικτον
1044 299 1374 356 ὑποβεβλημένοι
1395 317 1406 329 ·
1463 304 1535 344 καί

93 360 155 406 ὅτι
191 358 298 406 cimai
326 363 608 420 μετρήσαντες
637 365 819 420 ἡμέρας,
857 366 901 406 ἐν
930 361 999 414 αἷς
1029 360 1153 421 ἄρτον
1192 368 1408 424 ἀκραιφνῆ
1434 369 1535 410 ου’δὲ

93 427 271 483 εἴδομεν,
301 429 409 472 ἀλλὰ
436 437 520 480 τοῖς
550 432 596 473 ἐκ
624 430 811 485 πιτύρων
843 432 1090 487 ἑγκρυφιαις
1120 434 1460 487 ἐχρεωκοποῦμεν
1487 434 1534 476 τὸ

60 499 85 534 ,5
97 498 170 550 τῆς
195 496 372 550 γαστρὸς
410 500 575 550 λίχνον,
605 498 676 538 καί
706 495 818 539 οἴνου
849 498 896 538 δὲ
923 499 1029 550 μηδὲ
1056 497 1248 551 μύρισμα
1277 500 1538 555 εὐτυχήσαν-

94 576 183 614 τες,
223 563 313 614 μετ’
356 561 490 610 αὖτοὶς
517 564 588 604 καί
614 561 727 604 οἴνου
762 560 1047 615 ψευδωνύμου
1087 563 1226 617 ἠρέμα
1253 568 1325 607 καί
1353 565 1411 614 ὥς
1439 567 1542 621 α’λη·

95 630 184 677 θῶς
224 627 327 670 κατὰ
365 626 547 682 στράγγα
583 630 863 683 μετέσχομεν,
905 627 978 669 καί
1003 625 1132 684 ἄρτου
1165 631 1210 673 δὲ
1243 632 1442 688 ζυμίτου,
1470 634 1541 675 καί

95 690 234 736 ἄλλων
274 696 321 736 δέ
358 711 505 736 τινων·
574 694 647 736 καί
693 690 755 736 ὅτι
791 695 891 736 ου’δὲ
918 693 960 736 τὰ
1001 697 1147 750 κηπίον
1177 693 1264 751 εἶχε
1292 697 1418 753 λιμὴν
1441 698 1542 754 ἡμῖν

95 763 292 814 γενέσθαι
333 761 408 803 τοῦ
434 763 668 804 Λατινικοῦ
694 762 916 810 κλύδωνος.
991 761 1063 802 καί
1090 761 1131 803 εἰ
1147 764 1225 815 μὲν
1252 765 1437 818 δένδροις
1466 766 1542 819 ²57:-

44 825 280 887 1θρειοῦτρ,
308 826 381 868 καὶ
404 826 586 880 μάλιστα
616 831 776 880 συκαῖς,
803 821 861 868 ὦν
900 825 973 868 καί
1001 823 1138 883 ἄωρος
1168 825 1188 869 ὅ
1219 829 1378 884 καρπός
1407 847 1543 885 παρη-

97 898 265 945 νομεῖτο
294 899 381 942 τοῖς
408 894 620 948 ω’μησταῖς
649 895 708 941 εἰς
737 891 969 947 ἔμβρωμα,
1006 891 1069 934 ἔτι
1102 895 1147 935 δὲ
1175 897 1248 936 καί
1275 902 1485 949 πρασιαῖς,
1515 895 1545 937 ἂ

97 958 150 1012 δή
181 960 358 1014 φίλτατα
389 959 487 1014 ἡμῖν
515 955 707 1015 ἔφυσαν,
753 954 857 1013 ἄλλη
889 961 1008 1000 τοῦτο
1035 957 1145 1015 λύπη
1173 966 1258 1009 τοῖς
1286 977 1332 1014 γε
1359 966 1547 1016 φιλοτοι·

97 1021 237 1075 ου’τοις
256 1041 267 1051 ·
334 1021 403 1066 ὅτε
433 1027 479 1067 δὲ
514 1027 587 1066 καί
611 1023 684 1078 τήν
725 1021 1005 1065 ὕποποὸιαίαν
1043 1024 1144 1078 ἡμῖν
1164 1026 1361 1080 ἠχρείουν
1387 1025 1545 1081 τράπε-

99 1091 191 1143 ζαν,
223 1090 313 1132 ἀλλ’
341 1091 471 1132 ἐκεῖνο
500 1089 575 1131 οὔκ
604 1089 688 1143 ἔχω
707 1087 869 1145 φράσαι
893 1086 1006 1137 ὅπως
1035 1084 1087 1131 ιῖν
1108 1093 1232 1145 φέροι
1259 1107 1322 1140 τις
1349 1092 1542 1141 α’παθοῖίς.

44 1165 86 1199 15
99 1155 345 1210 ἑκαθὴμεθα
374 1159 451 1208 μὲν
469 1154 550 1210 γὰρ
581 1154 783 1208 ὁμιλαδὸν
813 1153 850 1196 οἱ
878 1157 1041 1208 πτωχοί
1066 1154 1271 1209 σύσσιτοι,
1301 1156 1396 1205 τούς
1423 1174 1547 1200 πιτυ-

99 1224 195 1276 ριάς
222 1225 550 1278 προβεβλημένοι
580 1221 685 1276 πρὸς
704 1220 889 1276 τροφήν·
948 1219 986 1262 οἱ
1017 1223 1063 1263 δὲ
1092 1223 1341 1264 α’παίδευτοι
1373 1224 1547 1279 α’φέντες

96 1290 252 1342 κείρειν
293 1287 343 1330 τὰ
378 1290 423 1329 ἐκ
448 1291 522 1341 τῆς
550 1290 648 1342 γῆς,
678 1283 740 1336 οἷς
770 1286 940 1341 ἔχαιρον
980 1288 1370 1341 ἐμφιλοχωροῦντες
1398 1291 1467 1331 αἐἰ
1492 1292 1548 1347 τῷ

96 1351 224 1411 κήπῳ,
253 1354 523 1405 ἐσκευάζοντο
548 1355 642 1394 καθ’
668 1353 813 1407 ἡμῶν·
841 1353 914 1394 καί
940 1351 1182 1405 ἔγγίσαντες,
1217 1349 1309 1395 εἶτα
1339 1356 1546 1411 στραφέν-

98 1436 163 1470 τες
190 1420 262 1461 καί
289 1418 341 1461 τὰ
369 1423 467 1473 περὶ
491 1419 564 1474 τήν
583 1421 711 1473 ἕδραν
730 1416 1022 1473 γυμνώσαντες
1048 1419 1120 1461 καί
1146 1420 1206 1467 εἰς
1234 1417 1416 1475 ἔκκρισιν
1447 1421 1547 1477 ὖφι-

42 1492 88 1526 20
102 1485 298 1541 ζήσαντες
343 1486 693 1540 κατεστοχοὶζοντο
734 1488 776 1536 ἐξ
825 1486 1011 1532 ἐναντίας
1053 1485 1170 1538 ἡμῶν
1210 1485 1463 1528 α’ποκοντοῦν
1499 1489 1548 1528 τά

99 1551 270 1606 περιττοὶ
301 1553 375 1607 τῆς
402 1552 594 1606 γαστρός,
626 1552 882 1607 ῥυϊσκόμενα
914 1553 1028 1592 καθ”
1051 1548 1167 1604 ὕδωρ
1201 1550 1271 1592 διὰ
1299 1550 1373 1600 τὰς
1403 1548 1547 1607 ὄχετη-

98 1618 198 1672 γοὺς
235 1618 469 1674 σταφυλάς.
526 1618 599 1659 καί
635 1619 804 1659 ἐποίουν
833 1613 960 1658 οὕτω.
1026 1616 1099 1658 καί
1137 1615 1173 1657 οἱ
1203 1619 1280 1669 μὲν
1306 1620 1407 1670 μεθ’
1431 1616 1549 1673 ἡμῶν

102 1767 200 1790 esse:
231 1757 330 1790 cuius
357 1762 477 1790 tamen
502 1761 538 1790 et
555 1756 762 1789 inferiorem
788 1761 824 1789 et
837 1755 1057 1801 superiorem
1077 1760 1213 1800 partem
1240 1767 1259 1788 a
1277 1756 1410 1789 Latinis
1438 1767 1545 1790 occu-

101 1810 221 1850 patam
247 1809 284 1838 et
310 1804 388 1836 aliis
414 1804 581 1837 refertam
605 1803 809 1836 hominibus
834 1803 1031 1836 invenimus
1048 1827 1058 1843 ,
1084 1803 1396 1848 concessimusque
1422 1815 1547 1837 neces-

102 1851 208 1884 sitate
236 1851 350 1884 coacti
375 1851 413 1883 in
442 1850 624 1884 hortulum
656 1850 776 1883 domui
805 1850 1019 1893 contiguam,
1047 1848 1242 1894 sedemque
1269 1850 1365 1882 nacti
1390 1850 1428 1882 in
1455 1852 1546 1884 atrio

103 1897 226 1931 balnei
253 1897 459 1942 perexigui,
496 1897 594 1942 quod
617 1896 670 1929 ibi
694 1902 759 1938 est,
783 1896 1060 1941 procubuimus,
1089 1907 1187 1928 mero
1213 1896 1320 1928 foeno
1348 1896 1547 1939 substrato;

105 1950 214 1990 atque
239 1944 366 1978 diebus
395 1950 475 1978 octo
499 1945 700 1984 transactis,
725 1944 854 1989 quibus
875 1942 991 1975 furum
1017 1953 1145 1987 panem
1168 1954 1212 1976 ne
1239 1943 1441 1976 videremus
1468 1945 1550 1989 qui-

105 1991 198 2033 dem,
222 1991 285 2024 sed
312 1992 473 2025 frustulis
498 2002 517 2024 e
547 1991 744 2024 furfuribus
772 1989 837 2023 sub
866 1990 986 2023 cinere
1011 1990 1117 2023 coctis
1142 1989 1372 2032 ligurientem
1401 2001 1549 2035 compe-

105 2050 283 2072 sceremus
316 2045 489 2079 ventrem,
527 2038 599 2071 vini
623 2048 705 2071 vero
740 2048 785 2070 ne
812 2036 957 2070 odorem
983 2036 1126 2082 quidem
1152 2036 1378 2077 haberemus,
1406 2037 1548 2071 tandem

105 2085 243 2131 aliquid
268 2097 399 2119 nomen
425 2086 499 2119 vini
524 2085 721 2118 ementiens
749 2084 871 2130 quiete
897 2089 932 2117 et
962 2094 1083 2116 revera
1109 2084 1272 2127 guttatim
1299 2083 1549 2124 combibimus,

105 2143 235 2178 panem
264 2143 407 2178 quoque
433 2133 684 2166 fermentatum
709 2137 745 2165 et
769 2131 838 2164 alia
861 2129 1035 2177 quaedam
1060 2131 1167 2164 nacti.
1218 2136 1374 2164 ceterum
1395 2142 1440 2164 ne
1465 2131 1549 2164 hor-

105 2179 204 2214 tulus
231 2179 293 2212 ille
318 2180 462 2225 quidem
488 2185 614 2225 portus
639 2178 742 2211 nobis
771 2189 790 2210 a
813 2177 980 2211 fluctibus
1005 2178 1141 2211 Latinis
1168 2183 1266 2211 tutus
1295 2183 1382 2210 erat.
1419 2177 1548 2222 quodsi

107 2226 249 2260 arbores
274 2226 525 2268 laedebantur,
560 2226 615 2259 fici
642 2226 816 2266 maxime,
854 2235 1004 2270 quarum
1032 2225 1136 2257 etiam
1161 2225 1339 2258 immaturi
1365 2225 1502 2258 fructus
1528 2237 1547 2256 a

107 2274 192 2307 feris
218 2273 291 2306 istis
310 2272 511 2307 hominibus
531 2273 818 2312 absumebantur,
836 2277 898 2305 aut
916 2282 1017 2304 areae
1036 2271 1215 2313 olitoriae,
1241 2282 1333 2318 quae
1348 2272 1548 2306 carissimae

107 2320 213 2353 nob-is
237 2326 350 2362 erant,
376 2331 418 2353 ea
442 2320 586 2366 quidem
614 2332 666 2353 res
691 2320 772 2352 illos
798 2329 883 2352 sane
908 2318 1098 2362 affligebat,
1124 2320 1186 2365 qui
1215 2320 1300 2352 talia
1324 2324 1462 2358 amant3
1487 2318 1549 2352 sed

109 2379 219 2413 quum
244 2369 349 2400 etiam
387 2367 536 2412 pedibus
567 2367 776 2400 substratam
810 2377 966 2399 mensam
993 2364 1227 2405 deleverunt,
1256 2365 1292 2398 id
1318 2376 1401 2398 vero
1427 2367 1548 2398 nescio

110 2413 276 2460 equidem
315 2414 495 2459 quomodo
534 2415 614 2459 q'uis
638 2426 753 2459 aequo
779 2414 896 2446 animo
939 2413 1031 2445 ferre
1055 2413 1225 2458 potuerit.
1276 2411 1548 2446 considebamus

109 2462 205 2494 enim
238 2464 355 2495 tenuis
389 2472 520 2495 coenae
554 2462 663 2501 socii,
701 2461 860 2494 furfureo
884 2470 996 2506 pane,
1026 2471 1097 2505 quo
1122 2470 1346 2504 pasceremur
1368 2459 1548 2504 adposito,

111 2519 220 2554 quum
259 2508 422 2542 homines
458 2508 515 2542 isti
547 2514 700 2553 agrestes
733 2508 893 2548 fructus,
926 2505 1056 2552 quibus
1090 2506 1259 2539 delectati
1287 2517 1426 2550 semper
1463 2505 1548 2539 hor·

111 2559 186 2588 tum
219 2554 394 2596 obibant,
431 2565 574 2600 carpere
610 2555 814 2595 desierunt,
851 2559 886 2587 et
923 2552 1088 2587 adversus
1123 2565 1189 2586 nos
1214 2563 1251 2585 se
1288 2554 1545 2586 instruxerunt.

110 2613 222 2647 prope
251 2602 297 2635 ad
324 2614 388 2635 uos
412 2608 643 2644 accesserunt,
670 2601 802 2635 deinde
821 2600 991 2640 conversi,
1016 2599 1160 2634 nudatis
1189 2599 1347 2639 natibus,
1373 2599 1547 2633 consede·

111 2655 193 2683 runt
217 2648 262 2683 ad
291 2649 552 2683 exonerandam
579 2649 707 2690 alvum,
733 2650 848 2682 locum
884 2646 988 2680 nobis
1015 2647 1223 2693 oppositum
1251 2652 1449 2692 captantes,
1475 2658 1546 2692 quo

111 2702 296 2740 egererent
312 2707 569 2743 supervacanea
583 2698 729 2736 ventris,
755 2705 868 2741 aquae
895 2696 1005 2730 instar
1027 2699 1174 2739 propter
1192 2694 1286 2729 leves
1305 2704 1387 2727 uvas
1410 2693 1547 2740 proflu-
