1838 3132
583 119 1078 165 CHRONOGRAPHIA.
1448 113 1543 161 235
1555 151 1559 155 .

95 224 238 280 γενεὰν
265 222 381 279 ἡμῶν
413 223 662 278 οἷφανιοαι.”
719 221 740 264 ὃ
770 223 815 264 δὲ
844 221 1042 274 οὐδαμῶς
1067 220 1245 276 ἐπείσθη
1272 222 1326 278 τῇ
1353 219 1441 277 ι’ὸῗᾳ
1465 236 1547 274 μη-

100 290 170 346 τρὶ
196 290 248 345 τῇ
277 289 465 344 λεγούσῃ,
500 284 528 342 ἢ
558 285 735 343 ἤκουσεν
764 288 908 341 αὐτῆς.

201 351 491 410 Ἐτελεύτησεν
531 357 578 396 δὲ
611 353 633 396 ὅ
666 357 710 396 ἐν
747 352 879 407 ἁγίοις
919 352 1184 408 πατριάρχης
1213 353 1447 407 Μεθόδιος,
1476 354 1551 393 καί

97 427 394 477 χειροτονεῖται
422 420 510 462 ἀντ’
540 422 668 462 αὐτοῦ
693 418 886 474 Ἰγνάτιος
914 417 1004 468 υἱὸς
1022 418 1207 474 Μιχαὴλ
1231 419 1310 461 τοῦ
1336 423 1591 472 ›caupona-D

64 486 240 530 5λάτου.
294 488 376 528 τῶν
417 487 463 528 δὲ
494 482 753 540 Βουλγάρων
794 482 1027 540 ἐπιδρομὰς
1069 483 1295 527 ποιούντων
1333 487 1376 528 ἐν
1405 483 1547 542 Θρᾴκῃ

99 555 173 596 καί
199 551 470 608 Μακεδονίᾳ,
498 549 570 592 καί
605 553 862 605 ληϊζομὲνων
889 549 940 593 τὰ
972 553 1150 592 τοιαῦτα
1179 552 1362 605 θέματα,
1390 549 1415 607 ἦ
1448 551 1551 593 Θεο-

102 619 219 675 δώρα
247 617 481 670 ταξατιιδνα
520 617 765 673 ἐποιήσατο,
806 618 850 660 οἳ
872 619 919 660 ἐκ
957 619 1042 658 ταῖν
1066 618 1259 672 κάστρων
1285 616 1553 671 Βουλγαρίας

101 687 383 738 ἐπιτιθέμενοι
423 684 638 739 σποράδην
677 686 751 726 καί
789 685 880 726 κατ’
923 683 1091 737 ὀλίγους
1131 683 1424 737 κουρσεύοντες
1451 683 1553 739 ἐφό-

101 767 223 795 νευον
251 752 419 799 τούτους
442 749 514 792 καὶ
533 750 850 808 ᾗχμαλώτευον,
881 746 990 792 ὥστε
1014 748 1274 805 ὑποταγῆναι
1300 748 1398 798 τούς
1416 752 1553 792 Βουλ-

47 829 90 864 10
102 817 257 874 γάρους
285 819 329 859 ἐν
355 818 405 873 τῇ
433 817 520 874 ἰδία
545 814 679 874 χώρᾳ.
735 816 912 872 Βάρδας
940 817 987 858 δὲ
1018 814 1039 857 ὅ
1058 817 1233 870 Καῖσαρ
1265 814 1554 872 συνεφιλιώθη

102 885 308 942 Δαμιανῷ
335 886 537 941 πατρικίῳ
569 886 641 925 καί
667 883 1043 940 παρακοιμωμένῳ,
1071 880 1092 923 ὃ
1125 883 1171 924 δὲ
1192 884 1372 936 βασιλέα
1398 879 1555 936 κρατή-

101 967 180 1001 σας
210 948 373 992 ἔπεισεν
402 951 478 991 τοῦ
510 950 714 992 εἰσελθεῖν
743 949 916 1003 Βάρδαν
951 952 996 991 ἐν
1021 951 1073 1003 τῆ
1098 950 1238 990 πόλει·
1294 947 1340 995 ὃς
1369 946 1439 990 διὰ
1473 945 1555 989 δώ·

103 1034 189 1074 ρων
217 1015 314 1066 τούς
342 1018 421 1059 τοῦ
450 1019 657 1069 βασιλέως
686 1016 864 1065 οἰκείους
889 1015 1186 1068 διαδεξάμενος
1215 1008 1305 1068 ἅμα
1334 1017 1391 1073 τῷ
1418 1031 1554 1069 παρα-

102 1086 345 1141 κοιμωμένῳ
385 1081 549 1137 ὡρίσθη
586 1085 874 1136 προέρχεσθαι
904 1082 962 1130 εἷς
990 1081 1036 1124 τό
1068 1080 1284 1123 παλάτιον.
1341 1079 1558 1123 οἰκειωσά-

48 1162 226 1204 15μενος
263 1150 309 1191 δὲ
357 1151 431 1191 καί
457 1148 680 1204 Θεοφάνην
723 1148 1108 1204 πρωτοσπαθιὶριον
1145 1147 1202 1197 ὥς
1240 1147 1558 1202 ἥνδρειωμένον,

102 1215 174 1259 τὸν
203 1214 492 1270 ἐπιλεγόμενον
533 1214 776 1270 Φαλγάνον,
802 1215 959 1270 βουλὴν
997 1215 1168 1257 ποιοῦσι
1196 1213 1304 1268 μετὰ
1334 1212 1605 1266 ΛαμιανόνΡ.
1623 1217 1693 1253 462

103 1286 179 1325 τοῦ
208 1282 369 1324 ἀνελεῖν
397 1281 471 1323 τὸν
503 1280 746 1324 Θεόκτιστον
775 1281 849 1324 τὸν
879 1283 1087 1337 κανίκλην.
1146 1282 1336 1330 πεισθείς
1362 1282 1408 1322 δὲ
1437 1281 1510 1320 καί
1536 1279 1558 1320 ὃ

105 1347 304 1404 βασιλεῦς
345 1346 427 1390 ὖπό
457 1350 680 1400 Δαμιανοῦ
716 1351 787 1390 ὲπί
822 1349 957 1406 τούτῳ
983 1346 1205 1403 συνῄνεσεν
1219 1346 1305 1390 λκαί
1330 1344 1462 1396 αὐτὸς
1494 1361 1561 1399 γε·

105 1418 256 1457 νὲσθαι
283 1416 406 1457 τοῦτο
426 1431 435 1441 ·
504 1413 642 1468 ἔλεγεν
683 1413 762 1469 γὰρ
803 1411 826 1454 ὅ
854 1413 1030 1469 Βάρδας
1070 1415 1126 1470 τῷ
1155 1414 1362 1469 Λαμιανιῇ
1390 1409 1452 1454 ὅτι
1481 1413 1560 1462 ἓως

48 1491 94 1526 20
107 1483 200 1524 ἐστι’
228 1482 472 1529 Θεόκτιστος
503 1480 608 1534 μετὰ
653 1483 728 1535 τῆς
756 1479 1029 1536 Αὖγούστης,
1059 1481 1134 1521 οὐκ
1167 1474 1284 1534 ἄρξει
1313 1475 1411 1521 οὐδὲ
1442 1482 1562 1530 {gov-

107 1547 247 1590 σιοίσει
291 1549 390 1589 ποτὲ
430 1545 451 1588 ὅ
492 1546 704 1600 βασιλεύς.
770 1546 791 1589 ὁ
840 1548 886 1589 δὲ
931 1547 1177 1594 Θεόκτιστος
1205 1547 1402 1588 α’πελθών
1430 1548 1475 1589 ἐν
1503 1548 1562 1603 τῷ

107 1611 318 1667 λούσματι
350 1614 433 1655 τῶν
455 1609 742 1669 Ἀρεοβίνδου,
778 1613 835 1662 ὥς
864 1612 961 1662 ἔθος
987 1607 1036 1668 ἦν
1067 1614 1191 1670 αὐτῷ,
1219 1609 1307 1655 εἶτα
1335 1611 1473 1655 ἐλθών
1501 1614 1562 1662 εἰς

203 1730 237 1766 8.
264 1732 559 1778 κουρσεὺονταςῗ.)

114 1843 360 1890 praedictione
386 1856 459 1877 non
497 1855 620 1877 suasus
645 1845 812 1890 propriae
838 1845 942 1877 matri
978 1845 1185 1879 vaticinanti
1212 1854 1331 1877 aurem
1356 1853 1430 1876 nou
1455 1852 1564 1887 prae-

114 1892 196 1926 buit
219 1903 286 1924 nec
310 1903 443 1924 morem
469 1892 589 1935 gessit.

211 1939 370 1972 Mortuus
395 1945 449 1972 est
474 1945 591 1972 autem
619 1943 762 1971 sanctus
786 1937 987 1984 patriarcha
1003 1938 1221 1979 methodius,
1247 1943 1284 1971 et
1308 1937 1465 1983 Ignatius
1491 1937 1565 1969 Mi-

116 1986 250 2020 chaelis
275 1987 504 2031 curopalatae
531 1987 625 2018 filius
651 1986 689 2018 in
717 1987 793 2018 eius
819 1987 934 2018 locum
961 1988 1141 2019 suffectus.
1195 1985 1336 2030 ssulgari
1361 1990 1480 2018 autem
1508 1985 1564 2016 sa-

116 2034 182 2066 ctis
213 2045 278 2078 per
303 2033 491 2067 Thraciam
521 2039 558 2067 et
584 2032 830 2066 Macedonium
863 2033 1134 2067 excursionibus
1164 2033 1364 2077 provincias
1387 2033 1469 2065 illas
1498 2030 1563 2064 de-

117 2082 315 2114 vastabant.
365 2080 558 2114 Theodora
583 2082 620 2113 in
646 2079 829 2113 adversum
855 2080 1032 2126 praesidia
1057 2080 1245 2126 disposuit.
1297 2081 1430 2113 milites
1453 2090 1561 2124 porro

117 2127 164 2159 ad
189 2128 370 2172 Bulgariae
395 2134 508 2161 castra
531 2128 664 2174 positi,
691 2128 862 2172 Bulgaros
896 2138 960 2173 per
986 2126 1111 2170 globos
1141 2133 1178 2160 et
1203 2126 1367 2161 cohortes
1393 2128 1561 2172 aggressi,

117 2186 183 2220 per
207 2186 329 2208 eorum
354 2177 531 2219 regionem
561 2174 890 2220 depraedabantur-3
929 2179 966 2207 et
989 2174 1045 2208 his
1081 2175 1218 2214 occisis,
1244 2175 1323 2209 aliis
1349 2175 1388 2208 in
1414 2173 1565 2220 captivi-

118 2227 228 2254 tatem
270 2222 455 2263 abductis,
486 2224 650 2267 Bulguros
690 2229 725 2256 et
766 2234 886 2255 eorum
926 2222 1105 2265 regionem
1142 2221 1329 2255 reddidere
1353 2222 1562 2255 subiectam.

118 2268 249 2301 Bai-das
275 2277 393 2302 autem
418 2271 547 2303 Caesar
580 2271 752 2303 Damiano
778 2270 928 2314 patricio
962 2274 999 2302 et
1021 2269 1218 2302 accubitori
1244 2270 1398 2303 amicitia
1422 2270 1565 2302 iunctus

119 2321 184 2349 est.
234 2316 292 2349 hic
321 2317 542 2362 imperatoris
569 2329 712 2362 compos
738 2317 863 2356 sactus,
893 2322 932 2349 ut
960 2315 1088 2350 Bardas
1113 2317 1152 2349 in
1183 2316 1307 2350 urbem
1334 2316 1567 2350 induceretur

120 2363 251 2404 suasit3
275 2365 337 2409 qui
365 2364 568 2397 muneribus
585 2365 807 2409 imperatoris
823 2364 1039 2397 domesticos
1064 2363 1134 2397 sibi
1158 2364 1364 2405 concilians,
1392 2375 1462 2396 una
1486 2373 1569 2395 cum

120 2410 325 2444 accubitore
351 2411 389 2443 in
412 2412 587 2456 palatium
614 2411 753 2455 ingredi
785 2413 901 2444 iussus
937 2416 1000 2444 est.
1063 2410 1286 2456 Theophane
1311 2422 1416 2456 porro
1440 2415 1568 2455 proto-

121 2457 304 2502 spathario
330 2458 432 2491 velut
456 2470 628 2502 generoso
655 2458 858 2503 (dicebatur
883 2460 912 2491 is
940 2457 1154 2503 Phalganus)
1182 2458 1251 2491 sibi
1278 2459 1401 2497 ascito,
1425 2457 1569 2489 Damia-

120 2516 168 2537 no
200 2516 346 2550 quoque
370 2512 518 2547 vocam,
543 2507 734 2539 consilium
762 2506 890 2539 ineunt
927 2503 972 2538 de
1001 2505 1211 2539 Theoctisto
1239 2506 1391 2539 caniciei
1416 2515 1571 2550 praepo-

122 2552 192 2584 sito
220 2551 398 2585 tollendor
448 2554 640 2598 imperator
675 2566 695 2586 a
722 2553 894 2586 Damiauo
922 2564 1045 2586 suasus
1069 2564 1281 2586 consensum
1313 2551 1438 2591 dedit,
1463 2557 1502 2584 et
1529 2555 1571 2584 ut

121 2597 191 2631 hoc
211 2599 314 2632 fieret
338 2600 560 2644 approbavit.
616 2600 760 2634 dicebat
790 2601 884 2633 enim
915 2599 1041 2633 Bai-das
1067 2600 1242 2633 Damiano
1267 2597 1460 2644 “quamdiu
1489 2609 1570 2631 cum

123 2647 279 2689 Augusta
309 2652 380 2679 stat
402 2646 641 2687 Theoctistus,
673 2659 739 2680 nec
756 2648 941 2692 imperium
967 2658 1034 2680 nec
1051 2653 1268 2692 potestatem
1293 2645 1475 2680 obtinebit
1501 2656 1570 2678 un-

124 2703 230 2739 quam
255 2694 480 2740 imperator-'¹
529 2694 760 2729 Theoctistus
785 2701 904 2729 autem
932 2695 969 2729 in
983 2694 1156 2729 Arabindi
1179 2694 1322 2729 balneis
1348 2693 1458 2736 lotus,
1482 2704 1570 2740 pro-
