1838 3132
350 125 422 164 DE
448 118 855 163 THESSALOMCA
881 119 916 160 A
944 120 1153 161 LATmis
1181 119 1370 162 CAPTA.
1486 112 1583 163 415

129 221 280 279 '‘Ayoeo.
338 223 387 264 τὰ
418 221 497 277 γὰρ
528 219 633 262 κατὰ
663 221 858 262 Νικαέων
894 219 1023 275 πάθη,
1051 222 1124 262 καί
1155 216 1232 262 ὅσα
1265 219 1304 262 οἱ
1335 223 1585 275 Προυσαεῖς

137 290 324 346 ἔτλησαν,
355 286 518 345 ἥψαντο
548 290 620 330 καί
647 287 803 341 ἐκείνης
831 285 903 328 καί
931 288 990 336 εἷς
1006 286 1109 328 πολὺ
1140 289 1342 342 ἐχθίστην
1370 285 1471 342 ἦμῖν
1497 287 1584 330 ἐνέ-

135 368 326 411 γραψαν·
382 354 561 404 πολλοὺς
598 351 678 407 γὰρ
715 353 788 394 καί
818 355 900 394 τῶν
936 354 1066 408 αὐτῆς
1108 352 1376 408 ε’πιλὲγδηνῆ
1412 356 1583 407 Νίκαια,
1596 368 1663 403 281

136 425 208 465 ναί
235 425 281 466 δὲ
312 424 384 464 καί
419 420 442 476 ἦ
473 422 656 475 Προῦσα
698 419 804 471 μετὰ
835 416 1068 461 πολύπονον
1096 417 1254 462 ἅλωσιν
1277 422 1582 475 μετεωρισθέν-

101 504 212 538 5τας
242 485 376 541 εἶδον,
403 485 498 530 ὅθεν
531 485 621 528 ἔστι
653 487 882 540 καταβῆναι
919 486 977 534 εἰς
1006 486 1147 543 Λῗδην
1183 486 1257 529 καὶ
1283 488 1394 542 ταχύ
1418 489 1493 530 καί
1520 486 1597 529 οἷ’-ιἸ

137 571 292 598 κτιστα.

243 620 336 664 Kal
354 615 421 663 οἷα
439 621 516 673 μὲν
531 620 724 660 ἐντεῦθεν
749 616 787 661 οἱ
807 618 1047 661 α’νατολικοί
1073 617 1244 677 ἔπαθον,
1274 623 1334 672 εἰς
1350 620 1530 677 μνήμην,
1545 621 1587 663 εἶ

133 687 206 730 καί
225 685 284 742 μῆ
315 688 403 741 μετ’
429 686 642 739 ἐγκωμίων
668 686 741 726 τοῦ
767 685 1053 739 Ἀνδρονύιου,
1087 690 1397 744 συγγραφέσθω
1428 686 1581 742 ἕτερος,

131 755 360 808 ἐκεχειρίαν
383 768 429 793 τε
453 747 565 805 ἄγων
582 749 740 806 ἱκανήν,
770 749 874 792 α’λλὰ
903 752 977 792 καί
995 751 1194 806 δακρύοις
1224 756 1411 796 πλουτῶν
1430 769 1441 780 ·
1471 753 1582 810 ἡμᾶς

76 833 118 867 10
130 819 211 876 γάρ
241 821 436 863 ἐπέλιπον
462 821 535 859 καί
563 816 685 860 αὐτά.
742 817 844 873 ἡμῖν
882 819 927 861 δὲ
958 814 1025 862 οἶα
1056 821 1215 862 ἐκεῖθεν
1241 824 1480 874 συνέπεσον,
1511 825 1582 864 καί

130 886 187 936 ὦς
218 883 241 940 ἧ
272 887 347 927 τοῦ
385 885 671 939 Ἀνδρονίκου,
699 881 865 935 ὁμαλῶς
896 887 1024 940 λέξαι,
1053 888 1107 927 ου’
1129 886 1357 942 προσήνεια
1385 891 1583 930 καθίκετο

129 954 202 995 καί
228 952 346 1007 ἡμῶν
375 951 562 1006 ὀλεθρία,
581 948 758 1006 φράσων
781 949 974 1007 ἔρχομαι,
1009 952 1062 993 ου’
1080 952 1185 1007 πρὸς
1209 954 1460 1009 ειῖρυλογίαν
1489 949 1581 996 οὐδ’

131 1016 270 1072 αὕτα,
312 1015 370 1072 μὴ
413 1015 487 1058 καί
520 1015 652 1058 πλατύ
701 1016 816 1070 μάλα
862 1017 1239 1075 βιβλιογραφήσειν
1278 1016 1459 1075 οἷνάγκην
1504 1020 1581 1062 εὑ-

129 1083 268 1140 ρήσω,
318 1084 409 1126 ἀλλ’
457 1083 515 1132 ὥς
562 1081 668 1137 πρὸς
709 1085 1102 1141 ἑσκιαγραφημὲνην
1150 1087 1232 1128 τῶν
1280 1090 1581 1142 πεπραγμένων

74 1159 115 1192 15
130 1148 353 1202 ὖπόδειξιν.

240 1215 290 1259 Οἱ
338 1219 561 1270 βλαβέντες
601 1217 778 1269 ἐκεῖνοι,
811 1215 850 1258 οἱ
878 1220 1046 1271 πολλοί,
1086 1216 1125 1260 οἱ
1157 1220 1356 1274 ποικίλοι,
1385 1219 1421 1261 οἱ
1453 1221 1578 1262 πολύ-

123 1288 315 1337 γλωσσοι,
344 1283 642 1334 διασπαρέντες
671 1278 790 1323 ἄλλοι
819 1276 1009 1337 ἄλλοθεν,
1038 1281 1163 1334 εἴτις
1194 1283 1360 1341 φρήτρη
1389 1287 1432 1327 ἐκ
1463 1289 1577 1329 Πίσ-

124 1366 212 1405 σης,
243 1347 361 1398 εἴτις
387 1347 468 1390 ἀπὸ
490 1349 685 1403 Γενούης,
717 1347 762 1390 τὸ
784 1351 865 1390 τῶν
890 1350 1085 1392 Τούσκων
1114 1352 1249 1407 φῦλον
1276 1356 1353 1395 καί
1378 1369 1418 1395 τι
1439 1358 1575 1406 Λαμ-

124 1415 354 1471 παρδικόν·
418 1414 494 1456 ου’κ
533 1410 754 1456 ἀπελίπετο
784 1417 830 1456 δὲ
860 1416 959 1457 ου’δὲ
987 1416 1034 1457 τὸ
1065 1419 1111 1459 ἐκ
1141 1417 1446 1473 Λογγιβάρδων
1474 1423 1576 1474 βλα-

66 1485 208 1538 ροβέν,
239 1481 332 1524 οὐδ’
363 1478 443 1523 ὅσα
464 1476 590 1523 ἄλλα·
647 1482 698 1522 ου’
723 1480 806 1534 μὴν
833 1484 879 1523 δὲ
911 1482 1018 1524 ἀλλὰ
1050 1483 1218 1526 καὶτῶν
1245 1485 1455 1539 εὐγενείας
1485 1490 1574 1528 ἐπι-

122 1550 404 1603 τεταγμένων,
451 1550 666 1597 Μαλεῑνος
699 1549 745 1590 δέ
783 1565 844 1596 τις
881 1551 954 1590 καί
990 1550 1239 1606 Δαλασηνός
1275 1551 1349 1594 καί
1387 1553 1573 1596 Κλάδεον

119 1618 196 1658 καί
217 1630 327 1664 τινες
347 1617 525 1656 τοιοῦτοι
567 1616 646 1656 τῶν
691 1617 763 1669 τῆς
791 1613 1032 1671 ὑφειμένης,
1063 1615 1163 1671 πρὸς
1191 1619 1238 1660 δὲ
1266 1616 1339 1660 καί
1363 1622 1574 1676 θεραπευ-

211 1726 267 1760 21.
294 1724 348 1774 δέ]
377 1725 441 1761 τέὶ)

122 1840 193 1874 quo
224 1839 261 1861 se
286 1826 546 1868 defenderent,
575 1832 615 1860 ut
639 1827 678 1860 in
704 1828 764 1868 iis,
790 1828 851 1873 qui
882 1829 974 1874 passi
1000 1835 1111 1871 erant,
1140 1831 1246 1864 etiam
1275 1832 1395 1877 Agaris
1422 1837 1568 1880 posteri.

122 1875 256 1909 etenim
280 1875 529 1909 Nicaeensium
554 1879 591 1907 et
617 1874 845 1908 Prusensium
880 1876 1101 1910 calamitates
1130 1878 1176 1911 ad
1204 1879 1286 1912 illos
1315 1891 1460 1926 quoque
1483 1893 1569 1928 per-

122 1923 326 1963 tinuerunt,
366 1933 500 1967 eosque
526 1921 790 1955 inimicissimos
822 1922 928 1956 nobis
962 1924 1136 1958 fecerunt.
1186 1938 1339 1972 namque
1365 1928 1499 1962 multos
1525 1941 1568 1964 ex

122 1981 163 2003 ea
189 1981 335 2016 quoque
361 1975 468 2013 gente
502 1969 653 2002 selectos
679 1968 834 2010 Nicaea,
860 1971 948 2015 quin
975 1971 1046 2004 imo
1077 1972 1183 2005 Prusa
1211 1985 1376 2020 quoque,
1401 1982 1482 2020 post
1511 1978 1569 2010 lu-

121 2022 279 2050 ctuosam
307 2017 613 2062 expugnationem
638 2027 829 2062 suspensos
855 2017 960 2060 vidit,
985 2017 1081 2052 unde
1110 2020 1200 2053 citus
1227 2025 1263 2054 et
1291 2022 1503 2057 miserabilis
1521 2024 1568 2058 ad

120 2064 248 2098 Orcum
269 2063 460 2098 descensus
490 2068 554 2096 est.

209 2122 311 2168 Quae
340 2127 414 2156 tum
443 2121 638 2155 orientales
666 2122 760 2167 passi
788 2121 884 2163 sint,
912 2121 957 2155 ad
982 2124 1186 2159 memoriam
1217 2131 1442 2171 posterorum
1469 2128 1564 2171 licet,

117 2170 145 2202 si
179 2170 294 2202 minus
318 2169 363 2202 ad
387 2169 529 2202 laudem
561 2169 767 2209 Andronici,
806 2175 996 2214 componat
1021 2171 1122 2211 alius,
1147 2172 1210 2218 qui
1237 2179 1274 2207 et
1298 2175 1372 2207 otio
1399 2180 1434 2208 et
1459 2176 1566 2209 lacri-

116 2217 183 2249 mis
208 2216 456 2250 abundaverit.
508 2218 640 2250 etenim
659 2227 724 2250 nos
744 2216 888 2263 quidem
917 2217 1002 2250 illae
1027 2229 1171 2265 quoque
1197 2219 1420 2255 defecerunt.
1469 2234 1564 2268 quae

116 2269 235 2296 autem
262 2263 367 2297 nobis
406 2263 536 2297 deinde
573 2265 799 2308 contigerint,
832 2270 868 2298 et
895 2265 1075 2310 quomodo
1102 2265 1309 2308 Andronici,
1339 2275 1378 2302 ut
1403 2270 1564 2304 modeste

116 2310 250 2350 dicam,
291 2309 387 2344 haud
425 2322 549 2355 magna
587 2311 843 2345 benevolentia
879 2311 984 2345 nobis
1023 2324 1168 2359 quoque
1203 2316 1377 2350 exstiterit
1404 2317 1563 2358 exitiosa,

116 2357 285 2403 equidem
304 2363 508 2391 narraturus
534 2370 622 2399 sum,
648 2358 712 2391 sed
737 2370 782 2392 ne
798 2358 885 2392 haec
904 2359 1049 2405 quidem
1076 2362 1268 2405 copiosius,
1296 2374 1342 2396 ne
1373 2363 1450 2396 fuse
1474 2366 1564 2398 scri-

114 2404 225 2437 bendi
248 2405 347 2437 *mihi
382 2407 515 2438 oriatur
549 2407 760 2446 necessitas,
787 2405 850 2439 sed
888 2413 1059 2452 quantum
1093 2409 1176 2442 satis
1201 2415 1248 2443 sit
1277 2409 1323 2443 ad
1346 2410 1563 2446 adumbran-

114 2451 194 2485 dam
224 2463 337 2484 rerum
363 2458 538 2495 gestarum
569 2453 767 2486 historiam.

208 2499 334 2532 Afflicti
360 2499 414 2531 illi
446 2499 630 2540 homines,
666 2501 882 2546 frequentes,
907 2500 1015 2540 vat-H,
1040 2502 1232 2536 multarum
1263 2503 1475 2547 linguarum,
1497 2506 1559 2540 alii

113 2545 260 2579 aliunde
297 2548 519 2590 congregati,
564 2559 644 2592 pars
671 2548 767 2589 Pisa,
801 2559 879 2592 pars
911 2548 1035 2582 Genua
1061 2548 1222 2592 advecti,
1258 2551 1374 2584 Tusca
1398 2564 1483 2596 gens
1524 2559 1560 2588 et

112 2592 364 2639 Lampardica,
396 2605 464 2626 nec
502 2605 576 2627 non
613 2606 632 2628 e
674 2594 914 2640 Longobardis
949 2596 1010 2640 qui
1035 2597 1152 2630 afflicti
1181 2603 1291 2638 erant,
1317 2604 1353 2631 et
1380 2606 1560 2646 quotquot

112 2641 191 2681 alii,
217 2641 306 2686 quin
335 2641 442 2673 etiam
477 2641 622 2675 minoris
646 2641 827 2686 dignitatis
854 2642 1021 2685 nobiles,
1058 2644 1222 2677 Malenus
1253 2645 1395 2690 quidam
1425 2644 1462 2680 et'
1487 2648 1558 2680 Da-

112 2688 254 2723 lasenus
290 2694 398 2734 atque
427 2687 583 2730 Cladon,
621 2689 757 2736 aliique
794 2689 831 2722 id
874 2700 983 2734 genus
1024 2691 1229 2733 inferiores,
1264 2692 1309 2726 ad
1334 2692 1399 2727 hos
1426 2694 1559 2740 princi-
