1838 3132
231 119 322 163 110
630 103 855 178 [morus
894 103 1278 177 GRAMMATlcl]

226 223 323 277 λιτῇ
349 222 615 272 τοῦκάμπου
645 217 756 277 ἤρθη
781 221 950 263 παιδιόν
973 223 1180 274 μετέωρον
1214 220 1285 263 ε’πί
1308 219 1423 276 ὥρας
1451 221 1620 275 πολλάς,
1650 220 1677 264 δ’

226 286 299 327 καί
341 285 546 341 ἐπήκουσε
583 288 704 335 θείας
730 289 896 342 φωνῆς,
917 287 974 343 μὴ
1015 289 1288 342 προστιθέναι
1323 289 1368 330 ἐν
1392 290 1447 345 τῷ
1474 289 1676 349 τρισαγίῳ

225 349 274 394 “5
297 351 562 405 σταυρωθείς
591 353 644 393 δι’
675 351 826 404 ἧμοῖς,”
854 351 879 392 ὃ
906 355 978 394 καί
1003 356 1133 407 μέχρι
1159 355 1235 394 τοῦ
1264 355 1338 395 νῦν
1365 349 1527 410 ᾅδεται.

339 416 565 466 Θεοδόσιος
593 416 615 458 ὅ
643 417 843 470 βασιλευς
873 419 1156 474 εὔμετάγωγος
1185 414 1236 472 ἧν
1264 416 1447 475 σφόδρα,
1475 419 1675 474 πειθόμε-

224 490 291 534 νος
318 489 403 532 τοῖς
431 481 739 536 ὑποβάλλουσιν
769 484 884 540 αὐτῷ
914 486 1101 539 οἰκείοις,
1143 482 1249 526 (ἕστε
1278 484 1351 526 καί
1377 483 1538 540 χάρτας
1565 487 1708 527 ἀπα-5

225 549 471 603 ραγνώστως
511 549 777 604 ὑπέγραψεν·
847 547 950 603 ὅπερ
992 553 1148 604 γνοῦσα
1189 552 1439 605 Πουλχερία
1484 550 1676 607 ἧαιῖτοῦ

225 614 389 671 ἀδελφὴ
416 618 559 670 σοφαῖς
600 616 787 669 ὑπῆλθεν
814 614 964 671 αὐτόν,
995 615 1158 669 δωρεὰν
1186 615 1487 669 ὑποβάλλουσα
1518 618 1676 659 Θεοδο-

221 682 298 736 σίῳ
329 683 600 734 ἐκχωροῦσαν
628 680 732 735 πρὸς
764 683 959 724 δουλείαν
979 683 1185 723 Εὗδοκίαν
1213 681 1288 736 τήν
1317 682 1501 738 γαμετήν
1525 684 1675 740 αὐτοῦ,

221 744 274 801 ἢν
302 745 373 787 καί
397 744 630 802 ὑπέγραψε,
656 750 728 789 καί
756 749 902 795 δεινῶς
931 746 1014 788 ὑπὸ
1046 749 1118 801 τῆς
1135 750 1407 802 Πουλχερίας
1434 750 1676 806 ω’νειὸῗσθη.

221 811 424 866 Πρόκλου
467 813 790 868 τελευτήσαντος
821 813 1064 866 Φλαβιανὸς
1102 809 1208 868 ἇνὴρ
1249 811 1472 868 ἱερώτατος
1501 818 1577 871 τῆς
1603 818 1732 860 §at—10

222 880 393 933 κλησίας
423 881 614 934 προέστη.

334 946 397 986 Ἐκ
425 946 505 986 ταῖν
522 947 563 986 Γ
562 946 698 986 ότθων
728 943 830 1000 ἔθνη
860 948 998 999 γέγονε
1026 948 1224 1002 τέσσαρα,
1255 949 1295 990 Γ
1294 946 1411 990 ότθοι
1433 947 1676 1002 Ὑπόγοτθοι

225 1006 411 1064 Γὴπεδες
442 1010 515 1052 καί
545 1010 792 1064 Ου’άνδιλοι,
820 1014 862 1062 ε”ξ
893 1006 951 1053 ὧν
982 1009 1174 1068 νΑβαρις
1204 1009 1357 1069 ἤρξατο
1388 1015 1594 1069 διαπερᾶν
1630 1016 1677 1056 ἐν

225 1079 278 1132 τῇ
301 1077 522 1128 Ῥωμαίων
556 1080 622 1131 γῇ.
692 1076 981 1133 Χρυσὰμφιον
1027 1079 1233 1132 εὕνοῦχον
1277 1068 1408 1122 πολλοὶ
1446 1083 1677 1134 δυνάμενον

225 1140 341 1196 παρὰ
371 1144 427 1198 τῷ
463 1146 638 1196 βασιλεῖ
663 1143 874 1200 Θεοδοσίῳ
916 1143 972 1195 ὥς
1014 1143 1086 1185 καί
1123 1145 1339 1204 Νεστορίῳ
1367 1148 1676 1203 προσκείμενον,
1690 1156 1733 1192 15

222 1207 331 1262 μετὰ
375 1209 558 1250 θάνατον
605 1209 831 1250 Θεοδοσίου
871 1209 1121 1263 Πουλχερία
1160 1212 1312 1254 α’νεῖλε.
1359 1214 1507 1267 Κῦρος
1545 1212 1677 1267 ἔπαρ-

219 1290 295 1328 χος
325 1275 398 1328 τῆς
425 1274 595 1329 πόλεως,
625 1275 730 1329 α’νὴρ
770 1275 1017 1330 σοφώτατος
1057 1277 1131 1317 καί
1158 1274 1299 1326 ἱκανός
1335 1277 1470 1320 ἔκτισε
1508 1277 1560 1321 τοὶ
1591 1281 1678 1321 τεί-

218 1357 278 1395 χη
316 1342 386 1394 τῆς
433 1340 613 1392 πόλεως,
661 1338 760 1393 ὅπερ
806 1343 996 1396 ἐξέπληξε
1038 1341 1112 1383 τὸν
1155 1343 1293 1396 δῆμον
1332 1343 1403 1385 διὰ
1439 1342 1484 1386 τὸ
1529 1345 1682 1394 κάλλος

225 1405 300 1449 καὶ
336 1405 382 1448 τὸ
425 1404 554 1459 τάχος
590 1407 660 1460 τῆς
704 1407 779 1448 τοῦ
810 1407 972 1460 τείχους
1013 1406 1209 1457 κτίσεως·
1283 1413 1356 1451 καί
1392 1410 1580 1464 ἐποίησεν
1607 1406 1678 1452 ἐκέ

225 1474 380 1527 βοῆσαι
406 1473 688 1524 καθεζομένου
724 1474 802 1513 τοῦ
828 1475 1034 1526 βασιλέως
1063 1475 1108 1514 ἑν
1138 1475 1197 1531 τῷ
1230 1472 1384 1533 ἱππικῷ
1420 1478 1733 1521 “Κωνστα’ν-20

225 1544 335 1588 mog
363 1536 525 1587 ἔκτισε,
570 1540 719 1592 Κῦρος
758 1538 994 1583 ἄνενὲωσε.”
1051 1539 1280 1595 φθονηθείς
1307 1537 1381 1582 οὖν
1407 1541 1677 1594 διαβάλλεται

227 1604 288 1653 (ὃς
317 1602 603 1660 ἓλληνόφρων·
678 1605 924 1657 δεσμευθεὶς
966 1601 1043 1647 οὖν
1073 1605 1147 1647 καί
1172 1605 1396 1661 α’ποκαρείς
1423 1613 1677 1662 χειροτονεῖ.

227 1688 298 1714 ται
333 1671 378 1713 ἐν
417 1668 586 1727 Σμύρνῃ
631 1672 863 1719 ἐπίσκοπος.
931 1673 1002 1713 ε’πί
1030 1673 1178 1714 τούτου
1215 1671 1266 1714 τοὶ
1303 1673 1401 1728 τέλη
1439 1674 1602 1727 γέγονεν
1633 1676 1677 1717 ἐν

322 1783 355 1818 7.
382 1779 509 1829 σοφὸν
534 1782 560 1815 C
675 1782 708 1816 8.
735 1782 949 1830 ἐκχωροῦσα
974 1783 999 1816 C

222 1892 349 1926 campo
374 1881 411 1914 in
437 1890 553 1913 aerem
578 1877 740 1912 sublatus
766 1884 820 1912 est
857 1884 894 1912 et
915 1879 1044 1913 multas
1068 1879 1173 1913 horas
1197 1880 1360 1914 sublimis
1382 1882 1529 1924 mansit;
1558 1883 1586 1915 is
1613 1882 1672 1915 di-

221 1929 339 1962 vinam
367 1938 491 1960 vocem
515 1926 666 1967 audivit,
700 1938 745 1958 ne
772 1927 1011 1959 in-tersancto
1046 1928 1135 1973 “qui
1169 1929 1353 1962 crucifixus
1378 1934 1432 1962 est
1455 1940 1519 1974 pro
1543 1929 1672 1963 nobis''

221 1975 434 2016 adderetur3
461 1974 569 2019 idque
596 1984 690 2005 nunc
716 1973 821 2005 etiam
850 1974 898 2006 ita
926 1974 1074 2007 canitur.

314 2021 539 2056 Theodosius
575 2031 634 2052 rex
674 2019 865 2052 admodum
902 2021 1041 2053 infirma
1073 2025 1151 2054 erat
1181 2021 1391 2062 voluntate,
1432 2021 1668 2057 familiaribus

220 2070 293 2103 suis
320 2067 589 2102 consulentibus
615 2066 828 2111 obsequens,
856 2067 903 2100 ita
932 2074 970 2101 ut
994 2068 1100 2101 etiam
1119 2079 1193 2100 non
1217 2068 1391 2112 perlectas
1419 2068 1558 2102 litteras
1580 2070 1669 2102 sub-

221 2116 402 2150 scriberet.
454 2114 548 2160 quod
579 2125 685 2159 quum
701 2113 887 2147 pulcheria
912 2126 1011 2148 soror
1034 2115 1262 2160 comperisset
1293 2114 1423 2148 callide
1452 2126 1531 2148 eum
1562 2116 1667 2160 lusit3

220 2164 328 2210 petiit
354 2160 617 2201 a'sheodosio‚
646 2166 686 2193 ut
712 2161 902 2194 Eudociam
929 2173 1073 2194 uxorem
1102 2162 1168 2195 sibi
1197 2162 1232 2194 in
1259 2163 1464 2194 servitutem
1489 2162 1666 2206 traderet;

222 2210 321 2256 quod
341 2221 450 2254 quum
471 2209 533 2240 ille
560 2208 835 2252 subscripsisset,
859 2219 1073 2253 magnopere
1099 2221 1118 2241 a
1145 2207 1330 2241 Pulcheria
1354 2210 1574 2254 vituperatus
1600 2216 1666 2244 est.

220 2263 361 2291 mortuo
387 2255 509 2289 Proclo
537 2254 741 2294 Flabianus,
767 2258 819 2287 vir
842 2257 1103 2295 sanctissimus,
1138 2255 1308 2288 ecclesiae
1334 2261 1508 2301 praeerat.

313 2303 423 2338 Gothi
446 2303 485 2335 in
507 2300 531 2333 4
558 2307 679 2345 gentes
707 2312 744 2333 se
773 2301 990 2342 diviserunt,
1014 2303 1052 2335 in
1078 2301 1241 2343 Gothos,
1277 2302 1523 2347 Hypogofflos,
1551 2302 1667 2348 Gepi-

221 2350 285 2384 das
313 2356 348 2383 et
373 2348 566 2388 Vandalus,
592 2360 610 2380 e
637 2348 766 2393 quibus
796 2349 918 2382 Abaris
955 2350 993 2382 in
1020 2351 1256 2382 Rornanorum
1283 2349 1468 2393 imperium
1495 2350 1665 2383 invadere

220 2398 352 2442 coepit.
402 2394 694 2440 Chrysamphium
731 2396 953 2435 eunuchum,
995 2397 1057 2441 qui
1096 2396 1246 2428 multum
1287 2395 1382 2440 apud
1419 2396 1664 2430 Theodosium

218 2446 405 2484 valuerat,
444 2450 481 2477 et
504 2443 707 2476 Nestorium
733 2443 934 2475 sectabatur
967 2448 1049 2487 post
1082 2442 1277 2475 Theodosii
1303 2449 1452 2476 mortem
1482 2443 1665 2477 Pulcheria

218 2491 424 2525 trucidavit.
481 2490 609 2533 Cyrus,
648 2489 724 2521 urbi
753 2490 964 2534 praefectus,
991 2489 1097 2522 homo
1126 2490 1410 2534 sapientissimus
1438 2495 1476 2524 et
1499 2490 1663 2532 idoneus,

220 2539 362 2571 moenia
391 2536 486 2570 urhis
501 2536 702 2570 aedificavit
726 2542 762 2568 et
782 2535 1050 2580 pulchritudine
1069 2537 1156 2568 muri
1185 2542 1221 2569 et
1243 2538 1428 2570 celeritate
1453 2538 1572 2582 operis
1597 2549 1665 2583 po-

220 2585 298 2629 puli
323 2585 593 2618 admirationem
616 2583 745 2625 movit,
779 2594 849 2628 quo
879 2584 996 2616 effecit
1021 2588 1062 2615 ut
1085 2589 1271 2628 praesente
1308 2584 1344 2616 in
1371 2585 1463 2617 circo
1493 2595 1572 2628 rege
1597 2595 1661 2617 ex-

221 2632 409 2664 clamaret:
441 2631 722 2664 “Constantinus
753 2629 926 2669 condidit,
965 2630 1072 2672 Cyrus
1099 2631 1314 2663 renovavit.·’
1363 2631 1408 2664 ob
1434 2631 1502 2664 hoc
1526 2631 1661 2664 invisus

222 2683 404 2712 accusatus
432 2684 486 2712 est
509 2684 549 2712 ut
577 2678 791 2711 Graecorum
818 2676 997 2710 studiosus
1034 2683 1070 2711 et
1093 2679 1231 2711 vinctus
1254 2683 1450 2724 toususque
1476 2680 1661 2722 Smyrnam
