1838 3132
293 126 389 177 368
817 130 1150 174 EUSTATHIUS

295 235 577 289 ἀποστήσεται
623 235 670 274 δὲ
710 233 809 274 ου’δὲ
836 235 911 274 τοῦ
939 234 1139 275 ἐκθέσθαι
1181 229 1467 286 ἁμαρτητικοὶς
1491 232 1641 284 αἰτίας,
1669 223 1729 272 ὧν

294 302 427 346 ἕνεκεν
454 299 510 343 τὰ.
533 300 659 353 δεινά,
687 296 710 339 ὃ
738 300 810 339 καί
838 296 938 340 αὐτὸ
972 299 1011 340 οἱ
1041 294 1378 353 συγγραφόμενοι
1410 298 1454 338 ἐν
1478 295 1583 355 ἔργῳ
1613 297 1730 339 ἐλλό-

254 408 263 416 Χ
292 385 375 424 γως
403 370 602 410 τίθενται.
633 363 933 407 α’νασκοιλεύσει
963 366 1008 407 δὲ
1037 365 1238 417 α’μυδρῶς
1263 362 1290 417 ἦ
1318 360 1538 417 συγγραφὴ
1565 361 1615 404 τὰ
1643 377 1730 404 τοι·

296 438 406 477 αὔτα
436 432 552 475 αἴτια
594 433 638 473 ἐν
676 430 836 487 ὑστέρῳ
872 431 947 472 τοῦ
974 427 1072 472 ὅλου
1117 427 1241 483 λόγου
1265 426 1370 470 κατὰ
1398 429 1579 481 μέθοδον
1607 428 1731 470 ‹516oe-

295 501 504 553 σκαλικήν.
576 498 626 539 ου’
662 494 744 551 γὰρ
789 498 832 538 ἐν
874 494 1039 554 ἑτεροίῳ
1082 497 1215 552 καιρῴΙ
1254 497 1326 537 καί
1361 496 1620 549 α’νέγνωσται
1659 494 1766 540 uulf,

295 569 523 617 ὲκδέδοται,
550 565 638 606 α’λλ’
668 560 731 605 ὅτε
770 561 807 605 οἱ
835 561 1086 616 προεισόδιοι
1125 562 1206 603 τῶν
1234 562 1443 615 νηστίμων
1470 559 1600 612 ἁγίων
1629 557 1732 613 ἦμε-

296 635 382 684 ρῶν
423 632 703 683 κατηχοῦνται
733 630 792 678 εἰς
824 628 976 683 ιίκοοὶς,
1004 627 1058 676 ὥς
1100 628 1375 668 α’ποτελευτᾶν
1413 624 1486 667 τόν
1521 624 1639 679 λόγον
1673 625 1734 672 εἰς
1789 625 1796 633 ’

295 698 570 739 διδασκαλίαν
599 693 948 750 ἑκκλησιαστικήν,
977 691 1210 749 ἀρξάμενον
1248 688 1384 742 ἄλλως
1414 689 1490 748 ἀφ’
1517 683 1576 733 ὧν
1597 692 1735 733 κακῶν

295 764 321 819 ἡ
351 760 470 812 πόλις
497 760 666 803 ἔπαθεν.

450 874 559 925 Ἀρχὴ
586 876 701 914 αὐτοῦ
727 872 770 922 δι’]
795 877 860 913 τοῦ
889 875 1149 924 συγγραφικοῦ
1176 877 1289 923 λόγου
1313 876 1375 919 τῆς
1397 874 1578 916 ἁλώσεως.
1748 877 1793 914 10

398 970 551 1029 ’Ἐφηνε
585 974 658 1014 καί
697 969 719 1012 ὅ
758 974 853 1013 καθ’
883 971 995 1026 ἡμᾶς
1026 966 1124 1024 ὖῖρτι
1147 969 1327 1026 χρόνος,
1371 966 1487 1024 εἴπερ
1514 983 1576 1018 τις
1600 967 1737 1022 ἕτερος

298 1043 381 1085 τῶν
406 1039 534 1082 πάλαι
552 1071 565 1092 ,
613 1038 814 1080 ὑπόθεσιν
842 1034 892 1092 ἣν
921 1035 1090 1091 α’παθὴς
1118 1038 1197 1088 μὲν
1230 1033 1450 1091 ἄνθρωπος
1474 1033 1546 1077 καί
1571 1033 1740 1090 μακράν

298 1107 430 1156 ἑστώς
455 1109 526 1148 τοῦ
556 1110 643 1147 κατ’
684 1105 820 1159 αὐτὴν
845 1103 1039 1146 κινδύνου
1065 1101 1247 1157 μεγάλην
1286 1102 1394 1144 εἴποι
1426 1099 1477 1143 ἂν
1509 1103 1580 1144 καί
1603 1104 1738 1156 βαρυ-

299 1175 518 1230 σόμφορον
560 1173 632 1212 καί
658 1172 874 1212 πάνδεινον
904 1172 975 1211 καί
1013 1171 1268 1210 α’πευκταιάν
1296 1169 1368 1210 καί
1394 1167 1444 1209 οὗ
1470 1167 1585 1226 ῥᾷον,
1603 1182 1739 1223 φορη-

297 1239 373 1293 τῆν
401 1239 474 1283 καί
500 1239 741 1291 πολυπενθῆ
765 1239 836 1277 καί
864 1234 1054 1290 δακρύων
1082 1233 1216 1288 πηγὰς
1235 1236 1464 1276 ἐθέλουσαν
1493 1234 1566 1275 καί
1591 1234 1738 1275 τοιαῦ-
1752 1237 1795 1271 15

300 1305 354 1348 τά
381 1320 498 1359 τινα,
543 1302 565 1344 ὅ
598 1304 642 1344 δὲ
674 1300 875 1356 δικτύων,
908 1298 935 1342 ὅ
957 1317 1088 1357 φασι,
1125 1295 1368 1354 σπειραθείς
1411 1298 1483 1340 καί
1507 1301 1601 1340 καθ’
1629 1297 1743 1354 ἡμᾶς

301 1369 527 1425 ἐνειληθείς
574 1371 629 1427 τῷ
666 1368 879 1422 πράγματι
918 1365 1018 1417 ἴσως
1051 1369 1128 1418 μὲν
1167 1367 1242 1406 οὐκ
1281 1361 1332 1406 ἂν
1375 1363 1598 1420 εὕπορήσοι
1636 1363 1742 1418 πρὸς

297 1436 420 1487 οἷξιάν
447 1433 648 1488 ὀνομάσαι
671 1433 717 1475 τὸ
749 1434 885 1485 κακόν,
913 1430 1209 1485 ἐκκρουόμενος
1238 1426 1367 1486 οὗπερ
1390 1430 1525 1473 ἐθέλει
1548 1436 1656 1473 νοεῖν
1683 1429 1743 1486 τῷ

298 1505 468 1558 ποικίλῳ
497 1504 568 1542 κάἰ
597 1497 812 1557 ἑπαλλήλῳ
842 1501 923 1540 τῶν
953 1500 1196 1553 συμφορῶν,
1237 1493 1332 1538 ὅσαι
1364 1499 1619 1550 κατέχασκον
1645 1494 1741 1538 ἐκοί-

299 1584 400 1611 στου
431 1571 512 1610 ταῖν
541 1563 888 1619 δυστυχούντων,
917 1568 1087 1612 πολλαῖς
1117 1562 1189 1604 καί
1215 1561 1436 1618 διαφόροις
1462 1560 1738 1616 οἰκειούμεναι
1751 1569 1799 1604 20

302 1745 461 1779 divinum
489 1745 717 1790 praemittere
742 1744 857 1785 solet,
885 1754 976 1788 quae
1003 1753 1087 1776 sane
1119 1747 1194 1776 tum
1222 1753 1365 1788 quoque
1400 1742 1494 1775 clare
1527 1741 1741 1783 micuerunt,

301 1793 365 1827 illa
387 1802 529 1838 quoque
555 1793 709 1824 narratio
742 1797 861 1824 nostra
887 1796 970 1836 apte
1006 1790 1305 1822 commemorabit.
1365 1801 1432 1823 nec
1454 1789 1743 1834 praetermissum

303 1845 367 1880 est,
391 1844 536 1884 peccata
573 1849 800 1878 enumerare,
835 1837 930 1870 unde
957 1843 1054 1870 ortae
1080 1838 1152 1870 sint
1177 1838 1419 1871 calamitates:
1450 1835 1548 1881 quod
1567 1842 1603 1870 et
1627 1836 1742 1881 ipsum

305 1886 470 1920 historici
497 1891 590 1919 reete
614 1885 768 1918 muneris
793 1885 847 1917 sui
867 1885 1082 1918 existimant.
1131 1883 1346 1917 scrutabitur
1371 1889 1490 1916 autem
1514 1883 1630 1917 obiter
1651 1883 1741 1916 scri-

302 1934 382 1980 15th
406 1938 527 1966 nostra
561 1932 664 1964 huius
689 1932 825 1974 generis
866 1942 989 1965 causas
1017 1931 1055 1963 in
1082 1931 1277 1975 posteriore
1303 1931 1413 1964 totius
1439 1930 1556 1974 operis
1582 1935 1681 1975 parte
1704 1929 1743 1963 in

305 1980 447 2013 modum
475 1979 736 2024 praecipientis.
798 1979 928 2010 etenim
965 1983 1124 2022 tempore
1153 1978 1298 2010 recitata
1330 1983 1366 2010 et
1393 1976 1488 2010 edita
1511 1982 1565 2010 est
1588 1987 1644 2017 eo,
1669 1987 1743 2022 quo

308 2027 528 2060 vestibularii
555 2025 722 2059 solemnis
750 2025 878 2057 ieiunii
897 2024 942 2057 ad
968 2025 1171 2058 auditiones
1195 2025 1394 2068 congregati
1420 2023 1668 2063 instituuntur,
1691 2023 1744 2056 ita

250 2094 254 2099 ·
307 2079 348 2107 ut
365 2073 613 2106 commentatio
638 2077 756 2105 nostra
775 2073 811 2103 in
836 2073 1035 2104 orationem
1054 2072 1327 2104 ecclesiasticam
1353 2076 1467 2112 exeat,
1493 2071 1653 2116 profecta
1674 2070 1744 2103 ali-

307 2120 416 2163 unde,
440 2131 460 2153 a
484 2120 598 2160 malis,
622 2118 752 2164 quibus
778 2118 859 2152 urbs
883 2119 1013 2152 afflicta
1032 2123 1096 2152 est.

503 2225 644 2260 Iussum
671 2236 780 2259 IPSIUS
806 2237 850 2259 DE
874 2234 1077 2259 EXPUGNATA
1102 2231 1192 2258 URBE
1218 2234 1341 2257 OPERIS
1363 2233 1549 2257 msromcl.

402 2319 530 2353 Nostra
548 2328 641 2350 nunc
656 2323 762 2358 aetas,
783 2319 811 2350 si
839 2329 908 2362 qua
925 2322 1077 2358 vetusta,
1102 2316 1335 2348 calamitatem
1358 2315 1492 2358 genuit,
1513 2325 1617 2360 quam
1644 2314 1746 2359 quis-

313 2367 392 2411 quis
418 2365 462 2398 ab
497 2375 538 2397 ea
578 2365 715 2397 alienus
754 2370 790 2397 et
830 2365 936 2408 longe
972 2369 1125 2397 remotus
1159 2374 1176 2394 a
1212 2362 1370 2406 periculo
1399 2373 1569 2406 magnam,
1595 2371 1745 2406 gravem,

312 2412 508 2447 terribilem
546 2417 582 2444 et
615 2410 870 2452 detestandam,
897 2422 970 2444 non
997 2411 1100 2444 facile
1135 2408 1327 2448 ferendam,
1355 2409 1551 2441 luctuosam
1581 2413 1618 2441 et
1639 2408 1747 2440 lacri-

313 2471 449 2493 marum
475 2457 660 2492 fecundam
690 2463 726 2491 et
747 2459 826 2491 aliis
853 2457 889 2490 id
922 2469 1030 2502 genus
1061 2455 1263 2489 nominibus
1289 2456 1543 2500 appellaverit3
1571 2454 1631 2487 sed
1659 2465 1748 2488 ven-

312 2508 359 2540 tis
375 2530 385 2548 ,
411 2512 450 2539 ut
474 2506 574 2538 aiunt
591 2530 600 2546 ‚
624 2505 725 2537 datus
754 2510 790 2537 et
814 2505 953 2538 miseria
979 2504 1161 2537 nobiscum
1185 2502 1382 2547 implicatus
1417 2513 1521 2535 nemo
1554 2501 1660 2535 facile
1690 2501 1748 2534 in·—

312 2554 470 2594 venerit,
497 2551 674 2598 quomodo
707 2552 838 2584 malum
872 2551 964 2583 illud
997 2550 1101 2595 digne
1138 2549 1376 2582 nominaverit
1393 2574 1403 2590 ‚
1427 2560 1470 2582 ex
1495 2549 1575 2582 loco
1600 2548 1747 2594 quippe,

313 2611 420 2645 quem
446 2605 568 2632 tenere
592 2597 758 2638 voluerit,
786 2604 947 2631 extrusus
974 2608 1110 2642 semper
1139 2597 1309 2629 varietate
1335 2601 1371 2629 et
1395 2595 1626 2629 fluctuatione
1650 2595 1746 2627 cala·

313 2648 475 2679 mitatum
491 2672 500 2686 ,
526 2655 617 2691 quae
640 2644 798 2690 undique
825 2644 1014 2678 inhiabant
1038 2642 1172 2676 civibus
1198 2642 1424 2680 miserandis.
1452 2641 1572 2675 multis
1601 2641 1686 2674 illae
1711 2645 1748 2674 et

314 2694 418 2727 variis
443 2691 679 2739 appellandae
718 2691 935 2726 nominibus.
985 2691 1015 2726 si
1042 2695 1159 2725 tamen
1186 2690 1264 2737 quis
1290 2690 1526 2728 calamitatem
1550 2687 1658 2724 verbo
1681 2697 1746 2723 vo·

1649 2791 1666 2798 μ
