1838 3132
339 149 409 188 DE
434 146 838 190 THESSALONJCA
865 146 902 188 A
927 146 1136 188 LATlle
1161 144 1351 189 CAPTA.
1469 135 1566 185 473

122 249 264 299 λαξεν,
305 243 476 302 ἆληθῶς
505 249 550 290 δὲ
586 246 690 290 κατὰ
721 248 1008 303 προμήθειαν,
1038 247 1107 287 ἵνα
1134 243 1205 286 καί
1227 243 1331 301 Ιζιᾴὀν
1357 238 1464 285 οὕτω
1494 241 1567 285 διὰ

121 315 196 367 τῆς
235 311 490 367 πυκνότητος
526 316 606 355 τοῦ
645 315 749 354 λαοῦ·
775 312 1073 366 παρεισδύοιτο
1117 310 1354 367 φευγόντων
1387 304 1570 350 ἑκάστων

122 380 452 434 συμπατηθῆναι
483 380 543 436 τῷ
569 381 706 436 ἵππῳ,
735 377 807 419 καὶ
835 375 1017 426 ἄποπτος
1045 379 1093 420 δὲ
1121 377 1180 419 οὖν
1206 375 1394 430 βλέποιτὸ
1425 391 1467 417 τε
1498 375 1571 416 καί

123 443 362 496 α’ντιβλέποι
389 443 486 494 τούς
513 447 873 499 κακουργοῦντας,
905 443 978 486 καὶ
1004 441 1134 493 οὕτως
1161 442 1318 491 αὐτοὺς
1355 442 1570 495 α’μύνοιτο,

90 508 450 563 5--530691400621
474 512 576 565 γοῦν
604 509 625 551 ὅ
656 512 858 564 εὐνοῦχος
885 506 992 551 οὕτω
1010 515 1100 561 μετ’
1130 509 1325 564 εὐγενοῦς
1353 507 1480 550 ἵππου
1500 505 1573 549 καί

123 575 201 630 τὴν
223 573 329 628 μετὰ
365 582 490 630 χεῖρα
528 578 728 631 σιδηρέαν
767 574 944 630 κορύνην
973 574 1176 630 κατάγων,
1206 577 1571 628 συνεπιλαμβανο-

120 643 259 693 μένων
285 636 375 694 ἅμα
415 640 489 682 καί
524 642 607 683 τῶν
641 643 908 697 ἐφεπομένων
948 639 1238 696 θεραπόντων,
1278 642 1322 683 οἳ
1345 642 1419 682 καί
1448 641 1572 682 αύτοί

120 706 301 764 σφοδροὶ
340 708 445 760 δρᾶν
472 703 577 762 ἦσαν
587 704 610 764 ,’
630 709 781 764 φόνους
817 723 863 750 τε
892 706 1069 757 πολλούς
1095 708 1278 750 ἐκώλυσε
1306 706 1379 749 καί
1403 706 1568 762 γυμνώ-

121 768 210 823 σὲις
236 773 399 828 ἀνδρῶν
427 789 471 815 τε
505 775 577 815 καί
604 778 834 827 γυναικῶν,
874 772 904 816 ἃ
934 773 984 828 δὴ
1023 771 1179 829 ἑτρωθι
1219 775 1461 828 κωλυθῆναι
1492 768 1569 813 ούκ

68 846 110 880 10
122 837 232 895 ἔσχε,
262 839 333 880 καὶ
362 838 462 888 τούς
492 839 741 892 ἐπιβούλους
770 841 817 882 δὲ
847 843 924 881 τοῦ
943 837 1065 894 ἁγίου
1093 837 1230 896 τάφου
1259 840 1482 894 ἀπήγαγεν,
1512 838 1568 889 ὥς

77 930 82 931 ν
121 901 193 946 mix
235 900 287 946 ἂν
328 907 477 947 ἐκεῖνοι
508 901 680 960 ἤθελον,
716 905 994 960 κερδήσαντας
1030 906 1140 958 μόνα
1177 906 1331 960 (μυρία
1373 907 1420 946 δὲ
1462 901 1570 960 ἦσαν

120 973 277 1027 ἐκεῖνα)
308 969 388 1012 ὅσα
416 970 497 1025 πρὸ
529 971 662 1013 αὐτοῦ
698 974 967 1013 κατέσπασαν
995 970 1254 1028 φθάσαντες.
1311 973 1384 1012 καί
1412 968 1568 1027 φόνους

118 1039 197 1090 μὲν
225 1035 324 1087 τούς
362 1039 452 1079 ἐκεῖ
486 1039 685 1091 κατέσχεν
714 1036 736 1078 ὅ
776 1033 946 1092 ἅρχων,
981 1038 1060 1079 τοῦ
1092 1039 1138 1079 δὲ
1168 1038 1349 1090 πνιγμοῦ
1375 1039 1457 1079 τῶν
1485 1054 1567 1093 φυ-

119 1101 272 1157 γόντων
301 1104 345 1144 έν
371 1106 427 1160 τῷ
455 1105 541 1160 ναῷ
569 1103 644 1143 ούκ
673 1099 725 1157 ἢν
752 1103 978 1159 ἐπίσχεσις,
1004 1103 1096 1144 ἀλλ’
1128 1099 1269 1157 ὥσπερ
1300 1104 1345 1144 έν
1374 1108 1466 1153 ταῖς
1495 1099 1570 1146 ἅλ-

66 1175 108 1209 15
121 1174 215 1218 λαις
244 1173 501 1221 καθολικαῖς,
531 1166 640 1211 οὕτω
669 1172 741 1211 καί
765 1169 897 1226 ταύτῃ
944 1170 1018 1210 οὐκ
1043 1169 1159 1226 ὀλίγῃ
1187 1169 1315 1226 μοίρᾳ
1342 1169 1437 1219 τοὺς
1466 1171 1569 1221 ζῶν-

119 1251 192 1285 τας
224 1232 245 1275 ὅ
277 1234 453 1290 πνιγμός
483 1237 741 1291 ἐδικαίωσεν,
769 1231 865 1278 nivei
892 1234 1075 1291 α’ριθμὸς
1096 1237 1226 1292 ἐρίζοι
1254 1231 1306 1277 ἂν
1334 1236 1439 1290 πρὸς
1471 1235 1570 1285 τούς

120 1302 186 1343 ἐπ’
227 1300 490 1356 ἀκροπόλεως
536 1301 808 1358 πεπνιγότας,
855 1301 911 1351 ὥς
962 1301 987 1357 ἧ
1038 1300 1149 1356 ἀρχῆ
1196 1303 1275 1344 τοῦ
1300 1300 1426 1356 λόγου
1466 1316 1568 1344 συν..

119 1369 293 1423 έγραψε.

249 1434 299 1478 Τι’
325 1430 378 1476 ἄν
407 1435 568 1489 λέγοιμι
593 1435 691 1484 τούς
721 1436 806 1476 τῶν
834 1437 983 1489 τεγέων
1015 1433 1140 1477 οἴκων
1168 1428 1332 1478 ἄνωθεν
1358 1436 1568 1475 καθαλλο-
1584 1439 1654 1475 297

64 1501 271 1553 Ωθμένους
312 1502 384 1542 ἐπὶ
421 1501 572 1558 μελέτῃ
600 1499 816 1557 θανάτου,
846 1497 912 1542 ὅτε
942 1499 989 1542 τὸ
1016 1503 1124 1554 μέγα
1152 1499 1280 1543 κακὸν
1307 1502 1380 1542 καί
1408 1496 1567 1548 αὐτούς

121 1568 470 1620 περιεστοίχιζεν,·
498 1566 542 1608 οἳ
566 1565 852 1620 πτερύξασθαι
877 1569 937 1615 εἰς
968 1568 1124 1621 αἰθέρα
1149 1566 1208 1621 μὴ
1237 1565 1409 1621 ἔχοντες,
1437 1559 1566 1620 οὗπερ

120 1632 287 1688 ἐφίεντο
317 1628 393 1687 ἄν,
434 1634 480 1674 τό
514 1634 597 1675 τῶν
625 1633 794 1687 βαρέων
830 1630 1017 1686 ἔπασχον
1046 1632 1119 1674 καί
1149 1629 1324 1674 έλάκουν
1348 1634 1409 1681 εἰς
1432 1629 1566 1673 θάνα-

216 1722 270 1759 15.
296 1721 394 1758 miv?
514 1723 573 1757 17.
599 1719 688 1761 οὓς-ἐ’

124 1816 266 1860 emplo‚
292 1815 376 1860 qni,
404 1826 513 1859 quum
538 1814 574 1848 in
606 1814 817 1848 catholicam
848 1814 1058 1859 metropolis
1095 1813 1279 1847 ecclesiam
1318 1813 1479 1847 invectus
1506 1823 1565 1847 es-

125 1867 198 1902 set,
228 1861 441 1895 deturbatus
478 1867 553 1894 tum
586 1872 715 1906 equum
753 1862 899 1894 vulnere
934 1862 1069 1894 laesum
1105 1861 1246 1902 amisit,
1274 1866 1347 1893 tum
1372 1861 1448 1904 ipse
1471 1861 1565 1894 male

126 1908 300 1950 discessit,
335 1908 398 1942 sed
425 1919 544 1942 revera
573 1907 694 1941 divina
728 1907 855 1941 ductus
886 1907 1135 1953 providentia,
1167 1918 1239 1952 quo
1264 1906 1403 1940 facilius
1428 1907 1477 1940 ita
1502 1918 1567 1952 per

123 1955 391 1990 multitudinem
417 1954 600 1989 hominum
625 1961 842 2000 penetraret,
869 1966 913 1988 ne
931 1955 974 1988 ab
1000 1966 1093 2000 equo
1119 1955 1412 1997 conculcarentur
1437 1965 1567 1987 caven-

124 2003 226 2043 tium,
253 2009 290 2037 et
315 2003 480 2036 sublimis
514 2008 589 2036 tum
626 2007 830 2035 cerneretur
865 2003 940 2047 ipse
966 2007 1040 2036 tum
1065 2006 1225 2035 cerneret
1248 2001 1429 2041 scelestos,
1455 2006 1565 2046 atque

123 2051 174 2084 ita
198 2050 280 2084 illos
307 2050 441 2094 flagitio
465 2048 675 2095 prohiberet
706 2068 750 2074 -
776 2049 953 2093 ingressus
979 2048 1089 2093 igitur
1114 2054 1167 2082 est
1196 2048 1247 2082 ita
1275 2047 1460 2082 eunuchus
1485 2059 1565 2081 cum

124 2108 218 2143 equo
243 2108 427 2141 generoso,
456 2102 504 2136 et,
530 2098 663 2130 clavam
692 2095 843 2129 ferream
871 2107 977 2129 manu
1001 2101 1195 2142 torquens,
1230 2094 1372 2128 adiutus
1412 2095 1518 2128 etiam
1546 2107 1566 2128 a

125 2144 327 2179 domesticis
382 2144 651 2184 comitantibus,
677 2143 739 2188 qui
777 2148 813 2176 et
851 2144 919 2188 ipsi
952 2154 1058 2176 manu
1092 2143 1249 2188 prompti
1288 2147 1413 2182 erant,
1439 2141 1565 2175 caedes

123 2191 253 2225 multas
287 2196 325 2225 et
348 2192 502 2224 virorum
537 2191 797 2236 mulierumque
826 2190 1061 2235 spoliationes
1096 2189 1304 2234 impedivit,
1346 2200 1437 2234 quae
1462 2189 1567 2221 aliter

124 2237 294 2284 impediri
319 2249 392 2272 non
415 2243 593 2284 poterant,
621 2243 657 2270 et
681 2248 778 2270 sacro
804 2238 966 2282 sepulcro
999 2237 1209 2270 insidiantes
1234 2236 1365 2281 abegit,
1391 2235 1567 2282 quemad-

122 2285 267 2319 modum
304 2285 389 2330 ipsis
434 2285 580 2318 minime
622 2284 800 2330 placeret,
837 2284 989 2317 luctatos
1027 2289 1163 2318 tantum
1194 2283 1350 2330 (infinita
1386 2289 1470 2316 sane
1502 2282 1567 2315 illa

126 2334 255 2375 erant),
282 2343 374 2378 quae
403 2337 486 2365 ante
510 2332 702 2366 adventnm
730 2332 804 2364 eius
830 2330 1069 2364 detraxerant.
1120 2332 1243 2376 itaque
1268 2329 1396 2363 caedes
1421 2328 1565 2375 quidem

124 2380 176 2412 ibi
203 2379 275 2412 dux
304 2379 366 2412 ille
391 2379 550 2420 sistebat,
574 2379 637 2411 sed
673 2379 774 2411 elisio
801 2378 1009 2421 fugientium
1034 2379 1109 2411 sisti
1135 2379 1173 2411 in
1197 2378 1332 2422 templo
1357 2388 1430 2409 non
1457 2382 1566 2420 pote-

125 2431 191 2467 rat,
217 2437 338 2459 verum
368 2426 459 2459 sicut
478 2426 515 2459 in
541 2425 861 2471 reliquisecclesiis
885 2425 1049 2470 publicis,
1072 2426 1123 2458 ita
1148 2426 1186 2458 in
1209 2425 1274 2457 illa
1298 2435 1445 2468 quoque
1469 2422 1566 2455 haud

126 2474 253 2517 exigua
279 2473 463 2506 hominum
490 2484 577 2517 pars¹
599 2475 771 2506 suffocata
801 2477 864 2511 est,
890 2483 1037 2517 quorum
1062 2471 1207 2518 quidem
1235 2481 1402 2504 numerus
1428 2481 1491 2514 par
1511 2475 1567 2503 est

126 2520 276 2553 fortasse
305 2520 360 2561 iis,
384 2520 444 2565 qui
469 2520 506 2553 in
530 2530 608 2553 arce
635 2519 712 2552 elisi
738 2524 831 2559 sunt,
864 2518 907 2551 de
932 2519 1061 2565 quibus
1086 2520 1122 2552 in
1148 2518 1326 2564 principio
1351 2517 1457 2550 huius
1481 2516 1566 2550 libri

127 2566 264 2601 dictum
291 2573 356 2600 est.

218 2613 315 2659 Quid
352 2613 435 2646 illos
469 2623 758 2653 commemorem,
785 2612 846 2657 qui
873 2611 1025 2657 desuper
1044 2612 1088 2645 de
1125 2612 1228 2645 tectis
1254 2611 1393 2644 aedium
1422 2611 1458 2643 in
1482 2621 1565 2656 per-

126 2661 254 2694 niciem
284 2672 321 2693 se
360 2659 558 2699 dederunt,
587 2660 789 2693 calamitate
834 2660 968 2705 quippe
1007 2660 1150 2692 immani
1189 2657 1444 2691 circumventi?
1501 2658 1563 2702 qui

126 2719 233 2753 quum
269 2719 331 2752 per
370 2718 485 2741 aerem
516 2706 656 2748 volare,
692 2713 728 2740 ut
762 2706 971 2751 cupiebant,
997 2718 1070 2741 non
1099 2711 1259 2750 possent,
1287 2717 1350 2751 pro
1380 2716 1567 2750 corporum
