1838 3132
587 105 1078 149 CHRONOGRAPfflA.
1165 90 1168 91 ⁷
1462 102 1554 151 247

112 198 217 244 αῧτό
258 204 315 260 τῷ
349 205 542 254 βασιλεῖ·
622 208 696 247 καί
728 208 807 248 τῶν
835 206 1054 262 σκήπτρων
1087 206 1310 262 πεσόντων,
1356 209 1413 260 ὥς
1440 208 1558 265 ἔθος,

111 267 285 323 ἔστεψεν
323 267 345 308 0‘
380 269 561 325 Μιχαὴλ
601 270 675 312 τὸν
703 272 951 328 Βασίλειον,
991 276 1065 316 καί
1111 273 1362 331 ειῖφὴμησαν
1404 275 1558 325 πάντες
1577 279 1694 315 P.467

110 334 320 390 ιιΜιχαὴλ
360 335 432 377 καί
470 338 701 379 Βασιλειόυ
745 337 876 380 πολλοὶ
920 339 972 382 τιὶ
1013 339 1127 396 ἔτη.”
1195 340 1218 382 ὅ
1246 343 1292 384 δὲ
1335 341 1405 384 τὸν
1435 341 1564 395 τόμον

110 399 367 455 ἑπαναγνοὺς
387 400 571 456 Κάστωρ
603 401 626 444 ὅ
664 402 888 459 ἆσηκρῆτις
914 405 1097 456 ἐξελθών
1127 408 1172 450 ἐν
1189 409 1461 466 Νικομηδείᾳ,
1494 409 1568 450 καί

77 466 252 509 δέλθών
281 469 340 516 εἰς
382 467 513 523 μονην
544 468 743 524 ἂνδρείαν
785 467 944 521 ἔμεινεν
972 474 1102 524 μέσον
1139 475 1218 515 τοῦ
1247 475 1454 528 λιβαδίου.
1511 468 1563 527 ἦν

112 535 159 575 δὲ
187 535 320 575 ἐκεῖσε
355 536 517 589 φρέαρ,
557 533 630 577 καί
655 534 794 577 πεσών
819 538 864 578 ἐν
910 537 1026 595 αὐτῷ
1057 539 1289 594 ἀπεπνίγη,
1330 538 1401 583 καί
1427 537 1562 595 ἐτάφη

111 615 261 642 εκεισε.

222 666 458 718 Συμβάτιος
506 667 552 707 δὲ
591 665 614 707 ὅ
642 666 830 721 γαμβρός
868 671 947 710 τοῦ
975 672 1198 725 Καίσαρος
1237 670 1461 726 ἀποτυχών
1492 673 1564 725 τῆς

112 732 190 772 τοῦ
224 733 440 785 Καίσαρος
469 732 602 785 α’ξιάς,
635 732 736 775 ἰδών
766 731 827 776 ὅτι
856 734 1084 791 ἐνεπαίχθη
1114 736 1196 777 ὑπὸ
1228 740 1303 779 τοῦ
1323 735 1564 792 Βασιλειόυ,

58 809 101 844 10
114 798 171 845 εἷς
196 803 320 849 μῖσος
359 797 466 839 κατὰ
505 800 578 840 τοῦ
609 801 841 842 Βασιλειόυ
880 806 1062 858 κινεῖται,
1092 806 1164 845 καί
1189 800 1565 857 συμβοῖυλευσιέμετ

112 879 179 910 νος
216 861 325 915 μετὰ
353 866 570 918 Γεωργιόυ
613 867 903 921 στρατηλάτου
948 871 1026 909 τοῦ
1057 858 1235 925 Πνηγάνη
1281 871 1332 926 τῇ
1362 870 1565 924 ἐπαύριον

113 930 294 980 αἰτεῖται
320 930 551 986 στρατηγὸς
579 935 872 987 προβληθῆναι
901 935 988 975 α’ντ’
1019 936 1167 977 αὐτοῦ.
1225 935 1296 977 καί
1324 934 1573 990 προεβλήθη

113 998 336 1050 λογοθέτης
377 998 453 1038 τοῦ
492 995 650 1052 δρόμου
699 998 719 1039 ὁ
750 1001 944 1054 Γοῦμερ,
973 997 1157 1050 κιῖκεῖνος
1188 1000 1319 1056 κόμης
1348 1004 1425 1042 τοῦ
1447 999 1605 1053 Ὀψι-Β

114 1065 218 1104 κιόυ.
276 1062 347 1103 καί
387 1062 625 1113 ἐξελθόντες
663 1061 752 1118 ἅμα
795 1063 817 1106 ὅ
845 1074 900 1108 ’τε
931 1066 1173 1120 Συμβάτιος
1214 1068 1286 1109 καί
1313 1065 1333 1109 ὃ
1365 1067 1567 1122 Πηγάνης

41 1128 102 1175 115
117 1124 292 1183 ἤρξαντο
330 1133 638 1187 καταστρέφειν
678 1134 750 1173 καί
779 1137 1005 1186 πυρπολεῖν
1035 1133 1109 1182 τάς
1136 1150 1179 1174 τε
1208 1132 1355 1189 χώρας
1385 1136 1457 1175 καί
1486 1134 1567 1186 οἶμ-

114 1195 327 1244 πελῶνας·
384 1190 433 1250 ἦν
475 1195 556 1250 γάρ
585 1196 732 1253 καιρὸς
761 1200 837 1239 τοῦ
873 1202 1040 1253 θέρους,
1070 1192 1356 1256 εὖφημοῦντες
1384 1198 1567 1255 Μιχαὴλ

111 1261 251 1314 μόνον,
282 1259 355 1303 τὸν
397 1263 442 1303 δὲ
471 1265 699 1306 Βασίλειον
734 1265 1126 1318 ἀποβδελύττονται.
1193 1269 1328 1308 ταῦτα
1358 1264 1567 1319 μαθόντες

115 1326 153 1369 οἱ
180 1331 366 1379 βασιλεῖς
397 1331 620 1371 ἐκέλευσαν
645 1330 744 1379 τούς
775 1330 946 1387 λοιπούς
977 1332 1263 1387 στρατηλάτας
1290 1331 1464 1380 τούτους
1492 1348 1567 1373 κα-

114 1397 417 1450 ταπολεμῆσαι.
473 1394 807 1449 βουλευσάμενος
851 1398 896 1438 δὲ
926 1398 1170 1453 Νικηφόρος
1200 1397 1223 1439 ὅ
1252 1401 1468 1446 Μαλεῖνος
1497 1395 1568 1452 ἕρ,

55 1469 238 1515 2οριψεν
266 1458 456 1516 ἔγγραφα
499 1464 628 1514 μέσον
673 1460 830 1511 παντὸς
863 1466 939 1504 τοῦ
985 1466 1111 1519 λαοῦ,
1143 1464 1211 1506 ἵνα
1259 1462 1365 1521 δόλῳ
1395 1460 1568 1513 τούτους

113 1523 376 1580 κρατήσωσιν
405 1530 477 1569 καί
501 1527 559 1583 μὴ
607 1530 799 1584 φανερῶς
830 1533 1022 1581 πολεμεῖν
1049 1532 1107 1579 εἰς
1137 1528 1324 1586 ὲζιιφυλον
1355 1531 1567 1578 ἐμπέσωσι

112 1591 304 1644 πόλεμον.
371 1594 585 1650 ἐκρατήθη
615 1596 663 1637 δὲ
691 1594 713 1635 ὅ
743 1593 954 1651 Πηγάνης,
984 1597 1054 1636 καὶ
1084 1591 1261 1651 ἄραντες
1296 1594 1424 1639 αὐτὸν
1455 1594 1568 1648 εἰσή-

113 1674 240 1713 γαγον
268 1661 312 1702 ἐν
338 1662 389 1716 τῇ
416 1659 547 1714 πόλει,
572 1665 645 1703 καί
672 1663 725 1718 τῇ
752 1660 973 1717 προστάξει
991 1663 1064 1703 τοῦ
1091 1664 1297 1716 βασιλέως
1326 1661 1606 1716 α’ποτυφλοῖῦ

117 1831 191 1858 tum
219 1826 286 1871 ipsi
311 1826 517 1871 imperatori
534 1827 697 1869 tradidit,
724 1829 945 1874 sceptrisque
970 1840 1035 1873 pro
1061 1840 1158 1862 more
1187 1829 1368 1862 inclinatis
1393 1826 1563 1862 Basiliam

119 1872 275 1905 michael
302 1876 502 1907 coronavit:
537 1877 730 1921 cunctique
767 1877 895 1909 faustis
934 1875 1249 1909 acclamationibus
1277 1875 1457 1920 prosecuti
1482 1881 1566 1908 sunt

119 1919 314 1953 “Michaeli
341 1926 377 1955 et
404 1920 536 1955 Basilio
561 1923 693 1956 multos
723 1926 868 1956 annos.¹’
895 1934 1003 1968 porro
1028 1924 1091 1956 ille
1116 1935 1136 1956 a
1159 1924 1316 1964 secretis,
1342 1923 1404 1968 qui
1431 1927 1564 1966 tomum

119 1967 266 2011 legerat,
291 1968 534 2002 Nicomediam
560 1981 710 2015 pergens
746 1970 783 2003 in
807 1971 1061 2004 monasterium
1092 1969 1282 2016 -quoddam
1308 1970 1410 2002 virile
1445 1969 1566 2015 prose—

119 2019 206 2055 ctus,
232 2014 350 2060 medio
385 2016 423 2049 in
463 2017 617 2061 pratello
654 2017 792 2051 mansit.
856 2022 932 2050 erat
955 2023 1072 2051 autem
1114 2018 1164 2051 ibi
1194 2022 1337 2062 puteus,
1361 2022 1397 2049 et
1422 2017 1460 2049 in
1485 2027 1567 2048 eum

119 2060 286 2095 decidens
311 2063 512 2097 submersus
537 2069 573 2098 et
599 2065 761 2109 sepultus
789 2069 842 2098 est
866 2063 1012 2098 ibidem.

212 2109 413 2152 Symbatius
442 2122 525 2145 vero
567 2111 725 2145 Caesaris
761 2122 894 2155 gener,
934 2111 1092 2144 Caesaris
1117 2110 1292 2156 dignitate
1321 2110 1522 2151 frustratus,
1548 2121 1569 2141 a

121 2152 253 2189 Basilio
285 2168 322 2190 se
360 2157 523 2192 delusum
559 2159 806 2204 persentiens,
843 2158 1008 2191 adversus
1039 2158 1207 2192 Basilium
1250 2159 1379 2191 exarsit
1408 2157 1504 2198 odio,
1534 2162 1570 2190 et

120 2203 273 2236 consilio
311 2216 388 2238 cum
424 2205 580 2250 Georgio
607 2207 744 2250 Pegane
770 2206 917 2238 militiae
949 2207 1116 2249 magistro
1142 2207 1401 2239 communicato
1430 2206 1467 2237 iu
1494 2204 1570 2236 eius

120 2249 236 2282 locum
261 2249 331 2284 dux
366 2253 507 2286 institui
543 2254 751 2298 postulavit.
814 2254 947 2286 Gumer
973 2252 1103 2287 deinde
1132 2252 1267 2299 Opsicii
1302 2263 1419 2285 comes
1449 2262 1570 2284 cursus

120 2296 255 2340 publici
282 2298 464 2340 logotheta
491 2302 636 2334 effectus
661 2306 731 2343 θεῖς
761 2305 1060 2346 erumpentesque
1088 2301 1195 2333 simul
1221 2300 1425 2343 Symbatius
1451 2304 1487 2331 et
1503 2299 1571 2332 Pe-

121 2353 227 2386 ganes
253 2346 434 2388 regionem
463 2359 604 2380 omnem
636 2347 843 2381 subvertere
881 2353 917 2381 et
952 2359 1051 2391 agros
1092 2348 1253 2393 vitesque
1284 2348 1363 2392 igne
1389 2345 1570 2378 devastare

121 2397 340 2435 coeperunt:
370 2399 446 2427 erat
471 2396 565 2427 enim
593 2396 715 2427 messis
750 2400 901 2440 tempus,
930 2394 1119 2440 faustaque
1144 2394 1383 2441 precabantur
1405 2393 1470 2425 soli
1496 2391 1568 2423 Mi-

121 2436 252 2479 chaeli,
276 2438 447 2472 Basiliam
470 2453 552 2475 vero
580 2441 664 2474 diris
691 2441 926 2475 devovebant.
977 2442 1021 2475 de
1047 2454 1118 2488 quo
1150 2442 1317 2475 certiores
1344 2441 1426 2473 facti
1453 2440 1571 2483 impe-

122 2490 258 2518 ratores
296 2487 452 2532 reliquos
480 2488 587 2522 duces
631 2490 668 2522 in
705 2500 765 2522 eos
801 2500 896 2522 arma
924 2500 1066 2522 movere
1091 2490 1282 2522 iusserunt.
1332 2498 1437 2533 porro
1463 2486 1570 2519 Nice-

121 2531 256 2576 phorus
281 2533 458 2568 Maleiuus
495 2542 716 2569 commentus
741 2541 796 2570 est
821 2535 1007 2570 schedulas
1047 2547 1110 2581 per
1136 2537 1328 2569 exercitum
1356 2534 1572 2577 dispergere,

124 2584 164 2611 ut
189 2579 231 2613 iis
257 2578 341 2613 dolo
366 2586 404 2614 et
429 2587 504 2616 arte
531 2582 763 2628 deprehensis
788 2584 825 2616 in
850 2588 1012 2628 apertum
1050 2583 1154 2617 civile
1180 2583 1314 2616 bellum
1340 2580 1435 2614 hand
1461 2579 1573 2613 defle-

123 2631 272 2659 cterent.
301 2628 578 2673 comprehensus
603 2636 658 2664 est
683 2630 804 2675 itaque
827 2632 991 2674 Peg-mes,
1021 2635 1060 2664 et
1086 2630 1265 2663 sublatum
1295 2629 1332 2661 in
1359 2627 1479 2662 urbem
1506 2627 1573 2660 im-

124 2674 297 2718 peratoris
323 2675 417 2709 iussu
443 2676 670 2711 induxerunt.
721 2677 1049 2724 Constantinusque
1069 2678 1222 2721 Myiares
1249 2675 1361 2709 oculis
1391 2685 1468 2708 eum
1497 2674 1574 2720 pri-
