1838 3132
310 127 381 167 m:
404 125 807 168 THESSALONJGA
834 128 869 168 A
895 127 1102 169 LA‘rmls
1131 127 1321 171 CAPTA.
1439 122 1534 173 465

93 235 267 294 θρώπου
297 234 344 286 ὃς
381 233 711 293 ἆρχιεπισκοπήν
749 239 936 292 περιέπει
962 240 1206 294 κεντηνᾰρια
1236 242 1280 289 ἐς
1306 238 1453 285 ἑκατὸν
1483 239 1538 299 (ὦ

91 300 296 357 πλούτου)
325 302 444 351 ἔτους
469 301 643 345 ἑκάστου
676 305 1007 359 δωροφοροῦσαν
1039 306 1174 362 αύτῷ·
1231 308 1304 348 καί
1325 304 1389 348 ὅτι
1418 310 1463 350 ἔν
1489 310 1538 366 τῇ

93 370 166 410 τοῦ
195 369 407 425 Σιφάντου
451 371 539 424 νηΐ,
565 369 620 418 ὦς
656 364 706 422 ἦν
734 371 971 424 ἐγχωροῦν,
1008 371 1350 424 ἀναπαυσάμενοι
1381 374 1432 431 τῇ
1459 391 1534 416 κα-

91 436 267 491 ραδοκίᾳ
303 437 385 476 τῶν
412 434 617 487 χιλιάδων
659 433 709 483 ἃς
749 434 849 488 ἡμῖν
875 436 1117 491 ἐπέγραψαν
1146 436 1185 478 οἱ
1210 442 1536 494 μεγαλοπρεπεῖς

57 500 292 555 ὅπειραταί
328 499 451 555 (αὐτὴ
486 499 567 555 γάρ
597 500 696 555 ἧμΐν
733 496 956 554 κατάλυμα
993 503 1157 556 πρῶτον
1195 503 1437 561 εὖτυχήθηζ
1472 507 1538 548 αι’-

88 566 321 619 χμαλοότων
347 569 532 619 γέμουσα
563 564 667 608 κατά
698 565 770 616 τοὶς
812 565 959 616 λοιπὰς
987 565 1166 622 ἁπάσας,
1197 569 1241 611 οἳ
1263 572 1335 612 καί
1356 573 1538 625 γοᾶσθαι

91 629 200 685 ἡμᾶς
226 633 428 685 ὀργῶντες
458 632 555 673 αὐτὸ
587 635 664 685 μὲν
690 638 822 675 ποιεῖν
864 634 941 674 οὐκ
969 629 1082 687 εἶχον
1109 634 1277 691 τόλμαν,
1304 635 1458 678 ὦσιόυν
1488 638 1535 680 δὲ

89 695 136 738 τό
173 699 325 745 πένθος
355 696 580 751 προσώπου
609 700 828 755 συναγωγῇ
848 698 952 754 πρὸς
980 697 1305 756 σκυθρωπότητα
1333 706 1407 745 καί
1432 705 1535 746 δυσ-

91 765 200 820 ωπίᾳ
230 764 480 820 ἑκθλιβούσῃ
523 762 699 819 δάκρυα,
729 762 889 813 ὅποιόις
922 764 995 806 καί
1021 764 1153 819 ἡμεῖς,
1185 764 1207 804 ὅ
1238 769 1323 809 κατ’
1344 767 1535 817 ἐκείνους

35 839 78 874 10
91 827 300 884 δυστυχής
329 827 492 884 φόρτος,
522 827 679 878 αύτούς
704 829 991 883 ἤμειβόμεθα·
1048 831 1147 872 ου’δὲ
1175 832 1255 886 γὰρ
1284 832 1383 875 οὐδὲ
1408 849 1534 887 προσ-

89 897 282 950 φωνῆσαι
327 895 457 949 ἐξῆν).
488 921 541 928 -—
573 897 616 936 ἑν
654 897 792 937 τοίνυν
819 897 867 952 τῇ
894 894 1064 953 τοιαύτῃ
1097 898 1170 952 νηῒ
1195 899 1289 940 τότε
1316 900 1535 942 καταπαύ-

88 976 232 1008 σαντες
262 963 312 1016 τῇ
340 959 542 1013 ἐπαύριον
572 959 690 1017 ζμετοὶ
731 963 853 1015 τιμῆς
893 961 1042 1014 ὅμοιἀς
1088 961 1334 1017 ἀνήχθημεν
1376 968 1436 1014 εἰς
1461 965 1536 1007 τὸν

89 1024 312 1081 Κομνηνὸν
337 1028 539 1075 Ἀλέξιον·
595 1024 699 1068 ἔνθα
730 1028 844 1080 θῆρα
864 1027 1150 1081 εἰκονομάχον,
1179 1030 1220 1070 Γ
1217 1029 1405 1083 ελίελμόν
1430 1048 1535 1086 twa,

88 1090 134 1140 ὃς
162 1093 207 1133 ἐκ
231 1094 302 1146 τῆς
320 1094 513 1134 Νικαέων
542 1093 687 1147 διέδρα
709 1091 780 1134 τὸν
799 1091 1084 1147 Ἀνδρόνικον,
1113 1090 1134 1134 ὅ
1162 1091 1284 1144 τόπος
1323 1094 1422 1150 ἡμῖν
1449 1098 1535 1148 ἐξέ-

33 1171 75 1204 15
88 1172 228 1212 φηνεν,
262 1154 407 1212 ἄγριον
443 1159 595 1199 ε’κεῖνον
630 1160 702 1200 καί
741 1154 829 1202 οἷον
856 1160 1068 1201 θανατοῦν
1106 1160 1179 1201 καί
1203 1165 1362 1214 προτοῦ
1388 1163 1534 1218 ἐμφα-

85 1228 172 1276 γεῖν
195 1239 204 1250 ·
261 1221 307 1272 ὃς
338 1219 406 1265 οἷηὲ
434 1240 496 1272 τις
525 1223 709 1277 Ἐριννύς
731 1223 989 1281 τραγῳδική,
1017 1223 1127 1278 ἔχων
1156 1228 1246 1268 κατ’
1275 1229 1435 1283 ἐκείνην
1462 1232 1536 1271 καί

86 1289 228 1346 δᾷδας,
257 1288 564 1345 ,ἐρεβοδιφήσας
585 1287 694 1343 ἡμᾶς
716 1285 787 1344 (ἦν
813 1289 891 1346 γάρ
923 1286 1003 1346 ἤδη
1021 1290 1131 1345 νύξ),
1162 1294 1234 1334 καί
1260 1291 1398 1349 εὖροᾶν
1428 1292 1533 1337 ἔνθα

83 1357 158 1408 γῆς
187 1353 501 1411 ἐκοιταζόμεθα,
533 1356 585 1396 ου’
613 1355 717 1409 πρὸς
748 1352 877 1398 ὕπνον
909 1357 1179 1411 (ἐπτερύξατο
1206 1357 1287 1413 γὰρ
1317 1358 1391 1401 καί
1406 1359 1533 1411 αὐτὸς

84 1421 128 1471 ἐξ
156 1420 272 1475 ἡμῶν
295 1423 365 1462 ὲπί
391 1420 541 1470 νύκτας
560 1417 637 1477 ἤδη
665 1421 841 1478 πολλὰς)
860 1421 949 1463 ἀλλ’
979 1419 1043 1464 ὅτι
1072 1422 1131 1478 μή
1159 1422 1329 1478 εἴχομεν
1352 1422 1380 1480 ἢ
1398 1430 1532 1482 καθῆ-

28 1501 73 1535 20
85 1491 186 1529 σθαι
211 1485 236 1542 ἢ
255 1487 453 1529 ἵστασθαι
474 1484 542 1531 οἷα
563 1490 841 1543 πολυημέροις
860 1491 1240 1544 καταπεπονημένοι
1261 1496 1412 1548 κακοῖς,
1429 1493 1532 1535 α’νά-

83 1556 198 1607 θεμα
226 1553 331 1608 πρὸς
347 1556 451 1608 βοὴν
474 1553 608 1608 συχνοὶ
630 1555 884 1608 ἐβαρβάριζε
911 1555 1016 1596 κατά
1033 1571 1071 1597 τι
1099 1555 1225 1596 κακὸν
1247 1558 1443 1612 φροίμιον
1471 1561 1530 1616 τῷ

82 1620 140 1673 μὴ
191 1620 440 1675 φονεύσαντι
474 1620 609 1675 ἡμᾶς,
653 1617 858 1673 παρόντος
896 1621 969 1662 καί
1008 1622 1175 1675 ‹lya-9015
1202 1621 1310 1671 τινὸς
1339 1624 1528 1680 α’δελφοῦ

85 1681 198 1743 αὐτῷ
239 1687 283 1736 ἐξ
324 1685 376 1727 οὔ
413 1684 520 1728 κατὰ
557 1688 638 1728 τῶν
676 1688 836 1728 σεπταῖν
866 1684 1036 1728 εἰκόνων
1074 1686 1144 1728 τὸν
1171 1690 1286 1743 θῆρα
1318 1689 1529 1743 ἐμάθομεν

85 1875 128 1896 eo
152 1874 227 1896 esse
247 1888 257 1903 ,
292 1862 352 1908 qni
389 1862 730 1908 archiepiscopatum
765 1862 1046 1903 administraret,
1084 1864 1130 1896 ad
1155 1868 1297 1897 centum
1322 1868 1526 1900 centenaria

85 1910 145 1954 (ah
173 1910 317 1943 divitias
331 1910 355 1955 l)
382 1910 572 1956 quotannis
597 1909 653 1942 illi
678 1909 926 1955 praebentem3
954 1910 1084 1943 deinde
1107 1911 1145 1944 in
1172 1912 1253 1944 navi
1279 1911 1444 1957 Siphanti
1470 1925 1525 1946 re·-

85 1958 323 2002 quieacentes,
349 1962 390 1990 ut
409 1955 554 1996 licebat,
582 1961 618 1989 et
635 1962 828 2000 argentum,
858 1956 955 2002 quod
978 1956 1081 1990 nobis
1106 1958 1365 2002 imperaverant
1381 1960 1528 2005 superbi

83 2005 232 2049 piratae,
257 2009 486 2048 expectantes
516 2002 624 2049 (illud
651 2004 746 2037 enim
771 2003 875 2037 nobis
901 2003 1053 2049 primum
1086 2004 1325 2039 deversorium
1362 2007 1526 2050 contigit,

83 2051 234 2097 captivis
256 2050 434 2091 refertum,
459 2056 499 2084 ut
518 2055 655 2083 ceterae
670 2061 787 2091 naves,
813 2051 874 2096 qui
897 2062 962 2084 nos
978 2051 1146 2084 miserari.
1168 2054 1327 2097 quamvis
1342 2059 1525 2098 cuperent,

83 2109 155 2131 non
182 2097 386 2138 audebant,
415 2097 478 2130 sed
505 2097 662 2130 dolorem
700 2103 818 2131 tamen
842 2097 942 2130 vultu
976 2097 1021 2130 ad
1045 2099 1224 2132 tristitiam
1260 2101 1458 2146 composito
1488 2106 1523 2134 et

84 2145 237 2178 lacrimis
261 2145 442 2178 moestitia
468 2145 640 2190 expressis
674 2144 938 2188 significabant:
971 2145 1007 2177 id
1032 2144 1132 2190 quod
1154 2146 1259 2178 etiam
1286 2158 1350 2180 nos
1368 2147 1522 2180 vicissim

84 2191 313 2232 faciebamus,
339 2201 453 2237 aeque
475 2196 583 2236 atque
602 2191 657 2224 illi
674 2191 780 2224 homo
798 2192 1042 2224 calamitosus:
1065 2203 1145 2225 nam
1163 2203 1209 2225 ne
1226 2193 1362 2239 alloqui
1379 2193 1522 2239 quidem

83 2249 300 2284 quemquam
325 2239 472 2284 licebat)
499 2258 544 2264 -
569 2239 605 2271 in
625 2238 688 2270 illa
709 2238 818 2281 igitur
842 2238 921 2272 navi
936 2243 1011 2271 tum
1035 2243 1139 2272 nocte
1162 2245 1350 2282 transacta,
1376 2246 1521 2286 postero

84 2285 141 2318 die
168 2296 282 2331 aeque
309 2284 503 2318 honorifice
518 2284 562 2318 ad
576 2285 736 2318 Alexium
751 2285 969 2318 Comnenum
993 2284 1137 2319 deducti
1163 2297 1304 2320 sumus:
1331 2287 1392 2320 ubi
1412 2287 1522 2321 feram

84 2333 297 2377 imaginibus
319 2332 495 2373 infestam,
511 2331 726 2365 Gelielmum
746 2331 934 2376 quendam,
959 2333 1022 2378 qui
1050 2343 1069 2365 e
1093 2332 1341 2366 Nicaeensium
1378 2334 1521 2368 civitate

82 2379 324 2413 Andronicum
344 2381 525 2422 effugerat,
538 2380 749 2419 invenimus,
761 2378 939 2412 hominem
955 2379 1105 2412 ferocem
1121 2384 1158 2413 et
1171 2381 1270 2426 quasi
1285 2382 1382 2426 prius
1396 2392 1522 2415 necare

84 2427 240 2466 solitum,
267 2437 355 2471 quos
382 2425 587 2459 devoraret:
618 2427 680 2472 qui
711 2425 827 2458 furiae
854 2426 1007 2470 tragicae
1029 2425 1166 2467 instar,
1191 2427 1304 2460 facem
1328 2428 1454 2470 etiam,
1483 2433 1524 2462 ut

84 2474 161 2513 illa,
190 2472 351 2506 manibus
377 2477 523 2513 tenens,
546 2484 610 2517 per
647 2471 811 2506 tenebras
838 2472 922 2517 (iam
947 2473 1041 2506 enim
1070 2485 1141 2506 nox
1165 2474 1255 2520 erat)
1280 2485 1344 2507 nos
1369 2485 1523 2519 quaere-

83 2520 156 2560 bat,
189 2525 225 2553 et
254 2530 363 2565 quum
388 2519 592 2560 invenisset,
621 2519 683 2552 ubi
709 2519 916 2552 cubaremus
954 2530 1026 2554 non
1049 2519 1094 2553 ad
1118 2531 1278 2554 somnum
1310 2521 1523 2566 capiendum

84 2567 164 2612 (qui
191 2567 260 2599 iam
289 2566 408 2599 multis
426 2577 490 2599 nos
515 2566 680 2600 noctibus
706 2567 876 2611 fugerat),
903 2565 966 2600 sed
993 2567 1076 2613 quia
1100 2578 1168 2600 nec
1192 2573 1284 2601 stare
1309 2578 1376 2601 nec
1399 2567 1523 2602 sedere

83 2619 309 2659 poteramus,
338 2612 530 2646 multorum
556 2612 692 2646 dierum
719 2615 894 2646 aerumnis
922 2613 1109 2654 exhausti,
1137 2614 1345 2659 frequenter
1371 2614 1522 2649 barbaro

83 2660 238 2706 quodam
256 2660 411 2693 carmine
426 2660 683 2701 exsecrabatur,
703 2661 907 2707 quicunque
922 2671 1062 2694 noanon
1087 2659 1286 2694 occidisset.
1328 2661 1522 2695 comitaba-

82 2708 254 2743 turinum
281 2712 399 2740 autem
421 2705 537 2739 bonus
561 2707 704 2752 quidam
729 2708 850 2747 frater,
878 2718 920 2740 ex
945 2718 1017 2752 quo
1037 2707 1146 2740 feram
1172 2707 1278 2741 istam
1303 2708 1340 2741 in
1355 2708 1521 2753 imagines

155 2772 225 2806 Leo
256 2771 533 2804 Grammaticus.
1223 2769 1269 2803 30
