1806 3158
574 129 1064 175 CHRONOGRAPHIA.
1470 126 1534 175 49

89 245 177 284 νου,
208 232 390 284 Δαρεῖον
419 226 457 270 οἱ
487 231 585 284 περὶ
609 228 676 272 τὸν
706 232 844 285 Βῆσον
874 233 1117 286 ἀναιροῦσιν
1144 232 1187 274 ἑν
1217 229 1437 288 Βάκτροις,
1467 235 1540 276 καί

87 294 348 339 καταλύεται.
383 295 608 350 ἡΠερσαῖν
636 298 844 349 βασιλεία,
878 299 945 354 ἐφ’
975 294 1087 348 ὅλοις
1114 301 1400 352 παρατείνασα
1429 296 1538 340 ἔτεσι

86 363 362 416 τριακοσίοις,
401 359 453 403 τά
491 363 587 414 μὲν,
607 364 679 416 τῆς
720 365 979 414 μετοικεσίας
1017 363 1046 404 ο’
1079 363 1133 406 τά
1164 367 1210 408 δὲ
1236 362 1329 419 ἑξῆς
1364 364 1437 421 σλ’,
1467 367 1540 407 καὶ

85 432 334 482 μεταπίπτει
361 429 420 478 εἷς
437 425 690 476 Μακεδόνας
710 425 734 481 ἦ
755 431 962 481 βασιλεία.
991 432 1254 487 Ἀλέξανδρος
1281 433 1404 487 δηλοῖ
1425 432 1538 474 Ἰαδ-

53 496 166 537 5δοῦ
183 497 238 552 τῷ
257 495 452 550 ἀρχιερεῖ
466 496 612 536 δοῦναι
634 494 747 550 αὐτῷ
767 497 1014 549 συμμαχίαν
1035 497 1139 540 κατά
1158 500 1340 552 Δαρείου
1356 514 1367 526 ·
1398 500 1474 540 τοῦ
1491 500 1538 540 δὲ

87 560 335 610 ἀπειπόντος
366 559 502 614 Τύρον
529 559 602 602 καί
614 560 759 612 Γάζαν
785 560 922 612 πόλεις
940 566 1099 617 πορθεῖ
1120 562 1222 616 μετά
1254 562 1399 605 κόπου·
1431 561 1535 605 ἔνθα

87 626 161 669 καί
184 625 374 681 Σάτυρον
401 629 545 679 βλέπει
576 630 673 668 καθ’
701 625 855 678 ὕπνους
883 631 927 671 ἐν
953 631 1005 684 τῇ
1032 630 1236 684 πορθήσει
1270 629 1422 685 Τύρου,
1456 628 1537 685 φή-

87 708 234 742 σαντος
264 691 405 734 αὐτὸν.
424 694 498 734 τοῦ
527 693 808 748 ὀνειροκρίτου
835 693 916 737 “od
954 697 1082 749 Τύρος
1113 697 1408 751 Ἀλέξανδρε.”
1455 692 1538 738 εἶθ’

88 755 217 807 οὕτως
249 760 430 813 ἀνῆλθεν
471 760 531 807 εἰς
559 758 754 816 Ἰσραήλ,
799 760 871 802 καί
912 760 1123 812 ὑποτάξας
1166 762 1296 816 αὐτην
1322 764 1394 804 καί
1421 762 1534 817 παρά

34 827 163 866 lotos}
191 825 423 879 ἀρχιερέως
472 823 610 878 λαβών
651 829 918 880 συμμαχίαν,
950 829 1022 868 καί
1037 827 1107 884 ζὼς
1135 827 1438 883 θεὸν.τιμη’σας
1466 830 1538 869 καί

84 889 388 947 προσκυνήσας,
414 888 662 947 ὑπεχώρησε
692 891 796 945 πρὸς
828 893 1018 947 Πέρσας.

187 955 468 1012 Ἀλέξανδρος
497 956 518 998 ὅ
550 958 767 1000 Μακεδών
805 959 879 1014 τὴν
908 963 1093 1014 Περσῶν
1129 959 1367 1011 καταλύσας
1397 960 1536 1014 ἀρχήν

85 1025 278 1079 περιῆγεν
304 1027 363 1073 εἰς
390 1027 674 1067 Μακεδονίαν.
717 1021 837 1075 οὗτος
865 1024 1030 1084 ἑβδόμῳ
1057 1025 1140 1070 ἔτει
1170 1029 1244 1081 τῆς
1273 1025 1430 1069 ἑαυτοῦ
1454 1018 1537 1079 βά-

85 1093 244 1140 σιλείας
284 1089 596 1145 χειρωσάμενος
626 1094 802 1150 Πέρσας
838 1091 898 1135 ἔτι
945 1092 1052 1149 πρὸς
1093 1092 1257 1143 τούτοις
1291 1091 1396 1135 ἑπτά
1424 1091 1538 1134 ἔτεσι

32 1158 302 1212 15βασιλεύει
326 1160 399 1199 καί
430 1161 614 1213 Περσῶν
659 1158 777 1211 μετάΥ
813 1158 886 1202 τὸν
924 1162 1106 1214 Δαρεῖον
1135 1158 1205 1215 ἔτη
1234 1160 1276 1210 ἓξ
1301 1161 1374 1201 καί
1400 1161 1539 1213 μῆνας

86 1227 144 1277 ἓξ.
198 1223 349 1266 τούτου
374 1226 696 1280 τελευτησαντος
725 1229 769 1268 ἑν
797 1229 1026 1280 Βαβυλῶνι
1056 1227 1325 1280 διαδέχονται
1354 1225 1428 1280 τήν
1457 1226 1538 1279 ἀρ-

85 1291 168 1347 χὴν
198 1294 270 1335 ἐπὶ
296 1293 368 1346 τῆς
394 1294 667 1341 Μακεδονίας
699 1293 907 1342 Φίλιππος
953 1292 976 1334 ὅ
1009 1291 1191 1348 ἀδελφὸς
1219 1292 1367 1345 αὐτοῦ,
1392 1293 1537 1335 Ἀντί-

84 1374 204 1413 γονος
233 1360 279 1400 δὲ
307 1357 383 1414 τὴν
412 1357 483 1401 ἐπὶ
519 1359 593 1412 τῆς
622 1359 801 1413 Ἀσίας,
840 1363 1105 1412 Πτολεμαῖος
1146 1360 1192 1400 δὲ
1229 1358 1250 1399 ὁ
1281 1358 1431 1412 Λάγου
1466 1360 1540 1400 καί

83 1423 312 1480 Ἀρσινόης
349 1428 422 1480 τῆς
463 1425 716 1479 Μελεάγρου
761 1425 972 1480 θυγατρὸς
1009 1423 1083 1479 τὴν
1111 1426 1176 1466 ἐπ’
1206 1425 1438 1480 Αἰγύπτου,
1465 1427 1539 1467 καί

27 1497 72 1531 20
85 1490 157 1545 τὴν
185 1489 256 1532 ἑπί
284 1491 441 1546 Συρίας
471 1490 722 1540 Σέλευκοςό
757 1490 972 1545 Νικάτωρ.

195 1561 465 1610 Πτολεμαῖος
505 1560 644 1599 τοίνυν
674 1558 694 1599 ὃ
725 1556 875 1611 Λάγου
916 1557 1187 1611 ἐβασίλευσεν
1215 1557 1436 1610 Αἰγύπτου
1467 1556 1536 1612 ε”τη

81 1624 136 1677 μ’.
193 1622 298 1666 κατὰ
326 1625 496 1672 τούτους
513 1622 611 1672 τούς
638 1622 816 1677 χρόνους
840 1625 1075 1678 Ἐπίκουρος
1104 1621 1125 1664 ὁ
1157 1623 1389 1679 φιλόσοφος
1412 1625 1535 1676 ἐγνω-

83 1693 236 1747 ρίζετο.
292 1694 558 1744 Πτολεμαῖος
589 1690 610 1731 ὁ
641 1690 898 1746 φιλάδελφος
917 1689 1186 1743 ἐβασίλευσεν
1215 1689 1284 1745 ἔτη
1313 1689 1384 1745 λη’.
1415 1685 1534 1739 οὗτος

176 1813 209 1848 4.
231 1813 375 1849 Ἰαδδοῦ
401 1814 599 1847 Cramerus:
641 1812 753 1846 codex
781 1808 919 1852 αἰδοῦς.
1030 1812 1063 1846 8.
1093 1815 1154 1848 σοὶ
1178 1812 1204 1846 C

83 1915 168 1956 post
190 1910 326 1944 Narsen
360 1922 471 1944 annos
505 1910 537 1944 6.
599 1909 800 1943 Alexandro
838 1915 957 1943 autem
995 1908 1190 1943 Macedone
1226 1911 1346 1942 Persas
1383 1910 1528 1953 fugante

85 1958 180 1991 Bessi
199 1959 345 1992 comites
376 1959 521 1991 Darium
544 1958 676 1991 Bactris
702 1957 936 1990 trucidarunt.
961 1969 1001 1990 ac
1026 1957 1237 1990 dissolutum
1266 1963 1320 1990 est
1347 1958 1526 1990 Persarum

85 2005 273 2050 imperium
314 2011 505 2060 postquam
536 2005 660 2038 floruit
695 2016 806 2038 annos
834 2004 926 2046 300,
962 2005 1077 2051 (exilii
1102 2004 1146 2037 70
1187 2010 1223 2036 et
1247 2003 1415 2050 deinceps
1442 2004 1526 2051 230)

84 2052 260 2098 cessitque
290 2064 434 2097 regnum
461 2054 499 2086 in
516 2052 741 2086 Macedones.
793 2051 994 2085 Alexander
1018 2050 1361 2085 renunciavitladdu
1389 2063 1526 2084 summo

83 2099 276 2140 sacerdoti,
309 2107 350 2133 ut
374 2101 578 2133 societatem
619 2111 736 2132 secum
771 2100 881 2132 iniret
915 2104 1038 2132 contra
1074 2099 1230 2131 Darium.
1280 2098 1348 2131 hoo
1371 2104 1525 2142 negante

81 2147 214 2190 Tyrum
240 2154 276 2181 et
302 2148 422 2180 Gazan
448 2147 551 2180 urbes
580 2147 730 2190 delevit;
758 2147 810 2179 ibi
835 2147 995 2190 Satyrum
1021 2146 1202 2180 somnians
1229 2145 1335 2188 vidit3
1362 2145 1524 2192 dixitque

82 2195 115 2226 ei
145 2195 258 2227 somni
296 2196 495 2240 interpres:
535 2195 624 2227 “tibi
663 2196 778 2237 Tyrus
804 2193 1037 2227 Alexan‹ler.''
1085 2193 1217 2226 deinde
1244 2193 1279 2226 in
1306 2194 1414 2227 Israel
1437 2206 1523 2239 pro-

81 2243 195 2275 fectus
214 2251 301 2276 'eam
329 2242 396 2275 sibi
423 2242 585 2282 subiecit,
611 2247 647 2275 et
672 2247 818 2285 accepto
844 2253 863 2274 a
885 2253 1020 2274 summo
1045 2241 1228 2275 sacerdote
1252 2242 1399 2283 auxilio,
1422 2241 1523 2274 illum

82 2295 121 2322 ut
164 2289 268 2322 deum
313 2289 504 2323 honoravit
548 2295 586 2323 et
620 2295 808 2323 veneratus
852 2294 926 2330 est,
967 2294 1039 2322 tum
1070 2294 1194 2323 contra
1230 2289 1350 2322 Persas
1401 2289 1523 2333 profe-

80 2343 158 2371 ctus
184 2343 247 2370 est.

176 2382 374 2416 Alexander
402 2382 549 2416 Macedo
584 2382 763 2415 ademtam
801 2382 912 2415 Persis
951 2381 1137 2426 imperium
1163 2382 1421 2415 Macedonibus
1449 2386 1522 2415 tra-

80 2431 185 2465 didit.
234 2431 291 2463 hic
317 2431 417 2464 victis
434 2431 453 2464 7
481 2431 579 2474 regni
607 2441 700 2463 anno
727 2431 838 2463 Persis
867 2430 1025 2472 regnavit
1048 2434 1232 2473 praeterea
1252 2430 1270 2462 7
1296 2441 1408 2463 annos
1438 2429 1521 2462 Per-

79 2480 198 2524 sisque
224 2483 304 2522 post
328 2479 472 2510 Darium
496 2478 518 2511 6
544 2489 655 2511 annos
681 2483 717 2510 et
740 2477 763 2511 6
786 2487 924 2509 menses
953 2477 1150 2521 imperavit.
1214 2477 1275 2521 qui
1300 2488 1378 2509 cum
1406 2476 1520 2519 Baby-

80 2526 163 2559 lone
204 2530 361 2557 mortuus
395 2531 489 2558 esset
523 2524 756 2558 Macedoniae
791 2524 976 2569 imperium
1015 2523 1154 2568 accepit
1186 2523 1380 2568 Philippus,
1409 2523 1518 2557 frater

80 2574 177 2615 eius3
201 2572 304 2604 Asiae
330 2583 474 2616 regnum
501 2573 723 2616 Antigonus·
742 2571 891 2616 Aegypti
908 2571 1139 2609 Ptolemaeus,
1169 2571 1252 2614 Lagi
1281 2577 1317 2603 et
1342 2571 1518 2612 Arsinoes,

78 2619 247 2663 Meleagri
273 2618 367 2651 filiae
392 2619 505 2660 filius,
531 2621 666 2662 Syriam
690 2618 846 2664 deniqne
875 2619 1043 2651 Seleucus
1068 2618 1213 2651 Nicator
1235 2618 1385 2661 accepit.

168 2667 388 2699 Ptolemaeus
413 2667 496 2710 Lagi
523 2667 680 2710 regnavit
704 2667 742 2700 in
764 2667 923 2710 Aegypto
960 2676 1071 2698 annos
1094 2663 1151 2698 40.
1200 2664 1272 2696 illis
1296 2663 1516 2709 temporibus

79 2713 250 2759 Epicurus
286 2712 520 2758 philosophus
556 2713 725 2748 innotuit.
781 2714 1003 2748 Ptolemaeus
1038 2710 1294 2757 philadelphus
1334 2723 1445 2746 annos
1469 2711 1515 2746 38

154 2789 224 2824 Leo
253 2788 528 2823 Grammaticus.
1240 2784 1264 2817 4
