1838 3132
389 138 461 177 DE
486 133 890 177 THESSALOMCA
915 132 954 174 A
979 131 1188 177 LATlle
1214 128 1407 171 CAPTA.
1525 118 1618 169 411

177 239 328 294 φῦραι,
357 235 652 288 κατεμπρήσας
677 234 722 276 τὸ
753 234 849 284 πᾶν,
878 231 1152 287 α’ντιφόρησις
1180 231 1226 273 δὲ
1257 227 1465 283 ἐρυθροῦ,
1494 228 1623 269 αἰνιτ-

175 304 326 357 τομένη
373 299 482 343 ὅσων
527 301 721 356 κεφαλῶν
758 300 1127 354 καταψηφιεῖσθαι
1153 298 1296 349 μέλλει
1321 296 1496 345 αἵματα.
1551 295 1627 334 καί

173 368 437 423 συγκάθηται
463 368 508 409 τὸ
533 369 728 409 ἐντεῦθεν
755 367 811 422 τῷ
841 368 1013 418 βασιλεῖ’
1037 364 1226 421 Ἀλεξάρ,
1262 363 1337 404 καί
1355 357 1620 416 προκάθηται

177 435 435 491 (ὑπερέκειτο
460 434 542 488 γὰρ
574 430 774 486 αὕθωρὸν
803 430 963 474 ἐκείνου
990 428 1038 472 τὸ
1067 429 1150 471 ἀπὸ
1183 430 1325 483 τοῦδε)
1342 459 1356 481 ,
1383 428 1457 469 καί
1483 441 1623 468 συντι-

141 503 232 558 5μᾷ
263 499 335 550 οὓς
385 500 512 549 αὐτὸς
541 501 756 553 ε’πὲκρινε,
804 499 877 539 καί
904 495 1188 551 προβάλλεται
1216 493 1376 550 ἀρχάς,
1412 494 1455 544 ἐξ
1486 493 1625 534 αὐτῶν

173 570 387 621 βαλβίδων
412 566 455 608 τὸ
481 568 551 620 τῆς
582 567 670 606 κατ’
700 563 832 606 αὐτόν
867 563 1085 616 βασιλείας
1114 560 1230 617 ἅρμα
1259 559 1443 617 πρόσθεν
1468 557 1625 613 βαλών.

175 637 248 677 καί
269 634 315 676 τό
347 635 454 687 μέγα
483 631 611 674 κακόν
643 634 701 690 τῷ
727 634 864 688 μικρῷ
895 631 1009 687 καλῷ
1036 633 1320 684 συγκίρναται.

282 698 458 753 Βραχὺς
488 698 509 740 ὅ
543 701 588 741 ἐν
614 701 728 757 μέσῳ
755 699 924 753 χρόνος,
953 698 1024 738 καί
1057 697 1334 755 περιγίνεται·
1386 695 1462 736 καί
1490 691 1547 742 ὥς
1572 687 1626 733 ιῖν

172 764 230 821 μή
258 766 417 821 θρήνου
446 765 630 820 μεγάλου
662 764 840 819 ἔξαρχος
861 765 1140 817 καθισταίμην
1159 767 1242 810 τοῖς
1264 764 1519 817 φιλαλεξιόις
1548 757 1623 800 εἴτ’
1634 768 1704 803 280

118 844 160 878 10
174 828 246 875 οὖν
290 834 615 887 φιλοβασιλεῦσι
634 863 646 884 ,
674 834 936 884 λεητοτομιὸν
976 835 1158 883 παχεῖαν
1188 826 1551 882 σκυθρωπότητα,
1580 827 1626 867 ἐκ

172 901 310 940 ποδῶν
339 899 489 952 α’πάγει
527 897 598 941 τόν
638 899 917 951 συμβασιλέα.
975 895 1047 937 καί
1086 897 1162 937 τοῦ
1189 896 1318 948 ζυγοῦ
1346 893 1417 937 τόν
1441 893 1626 943 Ἀλέξιον

170 963 404 1017 ὲκτινάξας,
431 964 515 1007 εἴτε
560 966 722 1022 πνιγμῷ
749 964 809 1021 τῷ
850 965 904 1005 δι’
932 961 1122 1016 ἀγχόνης,
1153 958 1210 1009 ὥς
1231 960 1427 1018 ’διαρρέει
1459 958 1578 1013 λόγος
1605 955 1627 998 ὅ

173 1033 338 1084 πλείων,
366 1030 447 1073 εἴτε
476 1031 550 1073 καί
578 1028 727 1082 ἄλλως,
760 1030 817 1079 (ὃς
845 1031 997 1077 ἐκεῖνος
1025 1025 1113 1071 οἶδε
1142 1030 1215 1070 καί
1243 1027 1282 1069 οἱ
1309 1026 1630 1080 συγκακοῦργοι,

170 1096 444 1151 (ἐπεμβάλλει
481 1097 554 1140 τὸν
579 1095 676 1139 υἱόν
706 1093 923 1151 Ἰωάννην,
962 1094 1034 1137 τόν
1077 1095 1151 1136 τοῦ
1191 1091 1406 1148 Μανουὴλ
1435 1090 1626 1148 ὕστερον,

114 1176 157 1210 15
171 1163 254 1217 οὔχ
281 1160 347 1204 ὅτι
376 1167 556 1205 καλλίων
585 1160 664 1217 ἤν,
699 1164 790 1205 ἀλλ’
821 1160 884 1205 ὅτι
914 1162 936 1203 ὅ
965 1164 1044 1214 μὲν
1076 1159 1289 1215 ΠΙανουῆλ
1319 1155 1544 1212 ἀπεστύγει
1571 1158 1624 1201 τοὶ

167 1232 245 1272 τοῦ
271 1227 431 1284 πατρὸς
461 1231 536 1270 καί
559 1246 646 1279 πως
676 1229 848 1283 ἔβλεπεν
874 1230 934 1277 εἰς
960 1226 1006 1270 τό
1029 1229 1181 1281 μέλλον
1208 1225 1280 1268 καί
1310 1224 1382 1268 τὸν
1409 1224 1511 1267 θεὸν
1535 1226 1626 1267 ἐπί-

166 1310 350 1352 στροφον
378 1291 485 1337 εἶναι
523 1298 606 1337 τῶν
642 1297 877 1350 γινομένων·
905 1297 1043 1336 κακῶν
1071 1293 1281 1345 ὖπελάλει,
1311 1289 1332 1332 ὃ
1364 1293 1410 1334 δὲ
1436 1291 1626 1347 Ἰωάννης

167 1360 333 1416 ἔστεργε
363 1363 436 1404 καί
461 1368 550 1411 τοῖς
580 1363 968 1418 πλημμελουμὲνοις
995 1359 1143 1415 ἔχαιρε
1169 1357 1549 1415 συνεφαπτόμενος.

264 1425 325 1471 “A
351 1430 397 1470 δὲ
423 1428 469 1471 τὸ
501 1431 695 1470 ἐντεῦθεν
724 1428 746 1469 ό
790 1427 1056 1483 Ἀνδρόνικος
1080 1453 1136 1460 —-
1166 1425 1218 1467 οὔ
1247 1428 1353 1479 λέγω
1379 1422 1567 1480 ἥμαρτεν
1593 1421 1623 1479 ἢ

109 1496 482 1549 2οἐπλημμὲλησεν
533 1491 688 1552 (ἄλλως
732 1493 808 1549 γὰρ
850 1492 890 1536 οἱ
940 1491 1193 1548 θερμότεροι
1232 1490 1478 1545 ὀνομάσαιεν
1518 1486 1619 1547 ἄν),

164 1559 346 1616 γλώττης
384 1563 516 1603 δεῖται
559 1563 748 1615 νεανικῆς
777 1561 976 1616 φράζειν,
1013 1562 1087 1602 καί
1121 1561 1202 1615 πρὸ
1244 1558 1374 1613 αὐτῆς
1415 1561 1616 1611 λογισμοῦ

163 1629 320 1679 βαθέος
345 1628 418 1669 καί
445 1628 534 1669 οἴου
568 1623 750 1681 εὔστοχα
773 1623 942 1680 βάλλειν
964 1630 1060 1668 καθ’
1092 1620 1151 1669 ὧν
1180 1622 1233 1668 όὶν
1259 1626 1472 1678 ἐπιβαλεῖ·
1506 1621 1614 1679 ἅπερ

166 1828 184 1850 e
211 1817 308 1850 Lazis
334 1817 506 1861 repetitus
527 1823 562 1850 et
591 1818 693 1863 quasi
722 1819 837 1862 imago
866 1817 1040 1864 quaedam
1066 1822 1142 1851 erat
1169 1827 1308 1856 eorum,
1332 1826 1422 1861 quae
1447 1815 1523 1855 ille,
1551 1825 1610 1847 re-

166 1863 230 1896 bus
259 1865 423 1898 omnibus
445 1865 525 1908 igne
553 1864 703 1904 deletis,
734 1865 829 1898 sumo
867 1870 1073 1910 turpaturus
1100 1869 1209 1904 esset,
1237 1869 1272 1897 et
1296 1863 1496 1908 praefertur
1523 1873 1609 1909 pur-

166 1922 321 1957 pureus,
358 1923 429 1957 quo
458 1912 748 1955 significabatur,
773 1911 863 1958 quot
888 1912 1044 1957 capitum
1068 1911 1314 1956 postulaturus
1341 1914 1435 1943 esset
1461 1910 1608 1953 sangui-

164 1970 256 1991 nem.
306 1958 438 1992 assidet
465 1958 596 1991 deinde
621 1959 839 2004 imperatori,
863 1970 903 1992 ac
936 1959 1118 2005 praesidet
1142 1958 1401 2005 (supereminet
1425 1957 1521 1989 enim
1546 1955 1610 1988 de-

164 2004 247 2038 hinc
284 2005 384 2039 illico
412 2007 526 2052 eum),
560 2013 844 2053 promovetque,
881 2018 970 2052 quos
1005 2007 1072 2053 ipsi
1098 2007 1230 2052 placet,
1255 2016 1296 2038 ac
1320 2005 1471 2051 proterit
1493 2004 1607 2047 inagi-

161 2057 312 2093 stratus,
356 2052 439 2086 inde
475 2054 519 2086 ab
558 2054 663 2087 initio
702 2054 841 2099 imperii
879 2055 933 2086 sui
963 2065 1102 2087 currum
1124 2053 1371 2087 vehementius
1409 2061 1538 2095 agens;
1565 2061 1607 2083 ac

161 2100 355 2133 miscentur
376 2111 501 2144 magna
527 2101 619 2133 mala
638 2101 742 2134 bonis
770 2101 917 2145 exiguis.

257 2147 356 2180 Brevi
384 2149 572 2181 interiecto
597 2153 774 2194 tempore,
799 2149 962 2194 superior
985 2148 1107 2181 evasit.
1168 2158 1214 2180 ne
1237 2152 1356 2180 autem
1379 2156 1526 2190 magnae
1551 2146 1605 2178 la-

161 2194 389 2227 mentationis
413 2194 484 2228 dux
509 2196 675 2229 exsistam
692 2195 806 2229 Alexii
821 2196 895 2228 sive
922 2194 1144 2240 imperatoris
1166 2195 1301 2234 amicis,
1326 2196 1362 2227 in
1378 2205 1504 2240 parvas
1521 2204 1604 2238 par.

162 2240 287 2273 ticulas
311 2240 518 2276 dissecanda
544 2244 778 2276 truculentia:
804 2254 823 2275 e
848 2241 965 2276 medio
992 2243 1091 2276 tollit
1114 2242 1255 2288 imperii
1280 2242 1426 2275 socium.
1454 2251 1603 2273 excusso

162 2287 270 2331 igitur
281 2288 420 2330 Alexio,
445 2291 517 2323 sive
536 2290 621 2323 fune
639 2297 675 2324 et
691 2290 982 2334 strangulatione,
1009 2301 1100 2336 quae
1134 2290 1290 2334 vulgaris
1318 2289 1410 2321 fama
1437 2293 1501 2327 est,
1527 2287 1602 2320 sive

161 2334 232 2367 alio
261 2334 387 2376 modo,
423 2335 459 2369 id
493 2337 591 2383 quod
614 2338 690 2383 ipse
726 2343 763 2370 et
788 2337 956 2370 facinoris
982 2337 1070 2370 socii
1095 2342 1284 2376 noverunt,
1318 2336 1355 2368 in
1379 2336 1496 2367 locum
1525 2334 1604 2367 eius

161 2381 347 2415 substituit
371 2384 540 2417 Ioannem
566 2385 692 2426 filium,
719 2385 779 2431 qui
804 2384 971 2417 Manuale
995 2384 1112 2418 minor
1149 2389 1236 2425 erat,
1272 2394 1345 2416 non
1373 2381 1470 2428 quod
1496 2392 1602 2426 prae-

161 2433 282 2468 staret,
307 2429 369 2462 sed
394 2431 477 2475 quia
504 2431 647 2465 Manuel
675 2431 903 2465 aversabatur
929 2431 1086 2465 facinora
1111 2432 1222 2477 patris
1252 2436 1288 2464 et
1314 2430 1431 2463 animo
1458 2429 1602 2475 prospi-

160 2474 278 2509 ciebat
301 2476 432 2519 futura,
459 2477 635 2525 deumque
661 2480 847 2519 malorum,
874 2489 966 2525 quae
991 2479 1136 2519 flerent,
1171 2477 1348 2512 vindicem
1378 2477 1452 2509 fore
1480 2487 1601 2508 susur-

161 2522 272 2561 rabat,
300 2523 452 2558 Ioannes
476 2531 593 2559 autem
618 2526 854 2560 venerabatur
878 2532 1014 2572 patrem
1039 2531 1075 2560 et
1102 2527 1197 2559 ultro
1223 2524 1368 2558 iuvabat
1392 2533 1498 2569 prava
1524 2523 1602 2556 eius

160 2569 318 2602 consilia.

247 2616 350 2663 Quae
374 2628 458 2650 vero
483 2617 613 2652 deinde
653 2619 875 2653 Andronicus
908 2639 952 2645 --
983 2630 1055 2652 uon
1087 2619 1167 2652 dico
1192 2617 1392 2662 peccaverit
1417 2622 1479 2651 aut
1503 2628 1600 2650 com-

159 2662 295 2716 miserit
321 2664 528 2709 (alioenim
555 2667 699 2699 nomine
724 2666 986 2712 appellaverint
1009 2666 1321 2711 vehementiores),
1349 2665 1469 2709 lingua
1499 2665 1599 2698 iuve-

158 2710 223 2742 nili
267 2722 358 2756 opus
388 2718 464 2752 est,
506 2717 544 2745 ut
570 2719 751 2754 narretur,
800 2719 836 2747 et
862 2724 945 2746 vero
970 2714 1114 2758 ingenio
1153 2713 1278 2746 subtili
1305 2718 1342 2746 et
1369 2711 1466 2758 quod
1493 2711 1598 2745 feriat
