1806 3158
607 142 1100 188 CHRONOGRAPHIA.
1515 140 1579 191 45

131 234 465 295 ὑποτεταγμένοι.
527 238 647 292 οὗτος
677 241 698 284 ὃ
717 246 1095 301 Ναβουχοδονόσορ
1126 247 1261 302 τρίτον
1289 246 1499 302 ἐπόρθησε
1525 247 1578 289 τὰ

125 305 419 364 Ἰεροσόλυμα,
435 311 599 364 πρῶτον
618 312 697 363 μὲν
718 308 788 353 ὅτε
814 313 858 352 ἐν
879 314 946 368 ’τῷ
961 315 1084 370 τρίτῳ
1100 310 1182 354 ἔτει
1192 311 1402 366 Ἐλιακείμ
1420 313 1578 368 οἷνῆλθε

129 372 201 415 καί
225 371 376 426 ἔλαβεν
417 372 549 417 αὐτόν
576 391 623 417 τε
656 375 865 430 Ἰεχονίαν
905 380 977 419 καί
1014 379 1089 433 την
1130 377 1280 420 τούτου
1317 382 1478 434 μητέρα
1506 379 1579 422 καὶ

126 437 206 480 σύν
234 441 291 496 τῷ
318 436 429 497 ἄλλῳ
458 438 609 495 πλήθει
653 442 727 483 τὸν
754 442 974 498 προφήτην
1003 442 1215 499 Ἰεζεκιήλ,
1243 441 1335 493 ἔτος
1361 441 1474 499 ἄγων
1501 449 1576 501 τῆς

91 505 340 557 5βασιλείας
369 508 555 560 πρῶτον·
613 505 807 561 δεύτερον
836 510 882 550 δὲ
913 506 980 550 ὅτε
1009 511 1053 551 ἐν
1082 512 1137 567 τῷ
1163 510 1285 569 τρίτῳ
1311 512 1415 566 μηνί
1440 512 1576 566 Ἰεχο-

124 573 228 624 νίου,
259 573 333 613 τοῦ
360 571 432 614 καὶ
464 571 687 628 Ἰωακείμ,
727 574 885 628 α’νῆλθε
925 578 998 616 καί
1040 574 1165 628 ἔλαβε
1208 575 1286 618 σὺν
1321 574 1476 632 ἑτέροις
1502 579 1574 619 τόν

123 635 288 692 Λανιῆλ
315 636 387 679 καί
418 639 610 680 Ἀνανίαν
648 642 721 680 καί
749 639 928 696 Μισαὴλ
969 643 1045 683 καί
1084 642 1302 698 Ἀζαρίαν,
1342 640 1431 692 ἔτος
1460 639 1574 698 ἄγων

123 700 251 751 αὐτὸς
291 697 434 757 ὄγδοον
468 705 539 758 τῆς
578 707 796 757 βασιλείας
815 720 827 731 ·
894 705 942 748 τὸ
973 709 1020 748 δὲ
1050 709 1187 762 τρίτον
1214 704 1280 750 ὅτε
1309 709 1353 750 ἒν
1376 711 1433 767 τῷ
1461 707 1573 752 ἑνδε-

120 765 231 826 κάτῳ
258 766 344 810 ἔτει
382 772 459 811 τοῦ
487 772 683 812 Σεδεκιόυ
729 769 898 828 ἀνῆλθε,
934 771 1008 815 καί
1030 771 1098 815 τὸν
1126 775 1204 827 μὲν
1229 773 1330 817 ναὸν
1359 777 1572 831 ἐνέπρησε,

65 846 109 881 10
122 831 192 877 τὸν
218 836 265 877 δὲ
296 834 494 878 Σεδεκίαν
529 836 814 892 ἐξετύφλωσε,
842 838 916 880 καί
941 838 1039 888 τούς
1068 837 1188 889 νὶοὐς
1217 841 1348 883 αὕτοῦ
1376 842 1457 884 σύν
1484 841 1572 885 ἑτέ-

119 915 210 956 ροις
237 904 491 958 κατέσφαξε,
517 901 590 945 καί
622 902 668 945 τὸ
699 903 847 946 λοιπὸν
892 907 1055 961 πλῆθος
1085 905 1296 961 ἀπήγαγεν
1325 909 1385 957 εἰς
1414 909 1571 963 αἰχμα-

117 970 286 1021 λωσίαν,
315 966 405 1016 ἔτος
435 963 548 1022 ἄγων
575 969 704 1019 αὐτὸς
736 972 810 1025 τῆς
830 971 1045 1024 βασιλείας
1076 973 1456 1016 ἐννεακαιδέκατον.

226 1035 603 1090 Ναβουχοδονόσορ
643 1035 750 1090 πρὸς
789 1042 877 1087 τοῖς
921 1038 1143 1080 δεκαεννέα
1169 1036 1302 1081 ἔτεσιν
1332 1035 1394 1089 οἷς
1422 1041 1568 1094 πρότε.

116 1114 191 1153 ρον
218 1099 432 1155 ἐκράτησε,
473 1099 686 1153 βασιλεύει
713 1100 784 1157 ἔτη
825 1102 955 1145 εἴκοσι
985 1105 1058 1146 καί
1087 1105 1223 1146 πέντε.
1280 1106 1566 1161 προεφήτευον

61 1175 104 1209 15
118 1167 165 1208 δὲ
192 1167 255 1208 ἐπ’
282 1167 414 1208 αὐτοῦ
443 1165 482 1208 οἱ
517 1169 730 1222 εἰρημένοι
757 1169 922 1223 Δανιὴλ
959 1171 1032 1211 καί
1056 1169 1272 1224 Ἱεζεκιήλ.
1330 1171 1564 1226 Μαρωδὰχ

113 1232 259 1275 τοῦτον
287 1231 581 1286 διαδεξάμενος
606 1235 824 1287 βασιλεύει
850 1233 922 1290 ἔτη
950 1233 1128 1278 δώδεκα.
1159 1235 1383 1293 Βαλτάσαρ
1413 1235 1435 1279 ὅ
1465 1238 1563 1280 τού-

112 1314 188 1340 του
219 1297 417 1354 οἷδελφός,
446 1297 538 1348 υἱὸς
581 1302 984 1356 Ναβουχοδονόσορ,
1014 1304 1286 1355 ἐβασίλευσεν
1313 1301 1385 1359 ἔτη
1412 1305 1562 1346 τέσσα-

114 1380 194 1419 ρα·
249 1362 310 1406 ἔτι
338 1363 410 1405 ἐπὶ
429 1363 578 1407 τούτου
605 1365 767 1420 Δανιὴλ
794 1366 1074 1422 προφητεύει,
1104 1371 1175 1409 καί
1202 1367 1416 1411 ἐπιλύεται
1446 1371 1563 1427 αὐτῷ

111 1428 160 1472 τὸ
190 1427 333 1485 ὅραμα
362 1427 385 1471 ὃ
425 1431 602 1472 δειπνῶν
644 1431 851 1474 ἐθεάσατο
897 1435 970 1474 καί
1011 1435 1142 1475 πίνων
1183 1435 1244 1483 εἷς
1283 1434 1335 1476 τὰ
1366 1434 1556 1491 ἱερατικά

55 1497 353 1549 2οἐκποόματα.
431 1499 579 1538 τοῦτον
614 1497 855 1547 ἀκολούθως
897 1504 951 1555 τῇ
998 1501 1072 1541 τοῦ
1111 1498 1322 1555 ὁράματος
1364 1499 1560 1559 ἑρμηνεία

111 1561 215 1605 κατὰ
242 1561 318 1616 τὴν
345 1563 546 1617 ἐχομένην
586 1562 715 1605 νύκτα
750 1567 930 1619 Δαρεῖος
961 1565 1129 1621 ἀνελών,
1176 1563 1197 1606 ὅ
1226 1569 1300 1609 τοῦ
1324 1567 1560 1622 Ἀσουήρου

109 1625 215 1684 υἱός,
245 1626 446 1684 ἐκράτησε
472 1630 546 1684 τῆς
577 1628 728 1684 ἀρχῆς.
781 1633 961 1685 Δαρεῖος
986 1630 1007 1672 ὅ
1033 1634 1248 1687 εἰρημένος
1276 1635 1355 1674 τοῦ
1381 1631 1559 1688 Ἀσουή-

110 1708 187 1749 ρου
220 1691 327 1748 υἱός)
354 1692 401 1743 ὃς
431 1693 639 1751 ἐπεκλήθη
670 1696 912 1752 Ἀστυάγης,
942 1699 1210 1751 ἐβασίλευσεν
1239 1697 1309 1755 ἔτη
1339 1701 1558 1743 δεκαεπτά.

206 1829 259 1862 15.
287 1826 414 1868 αὐτοῖς
439 1830 465 1864 C
585 1831 641 1866 23.
670 1829 711 1871 ὃς
734 1843 791 1865 om
816 1832 843 1866 C

112 1944 184 1988 gni,
213 1949 404 1988 regnarunt
428 1944 679 1990 suhpraefecti.
728 1947 787 1979 hic
820 1946 1150 1981 Nabuchodonosor
1176 1948 1323 1982 tertium
1350 1949 1559 1994 Hierosoly-

109 2003 166 2024 ma
196 1990 339 2024 delevit.
394 1992 543 2036 primum
578 1993 722 2039 quidem
765 2005 874 2037 quum
910 1997 1016 2028 tertio
1051 2006 1146 2028 anno
1183 1995 1335 2029 Eliakim
1374 1997 1557 2041 profectus

111 2044 226 2078 esset,
265 2044 302 2071 et
331 2039 483 2081 cepisset
522 2040 637 2085 ipsum
664 2040 867 2074 Iechoniani
902 2048 938 2074 et
963 2042 1040 2075 eius
1069 2048 1215 2076 matrem
1244 2048 1281 2076 et
1311 2055 1389 2076 cum
1415 2045 1556 2088 reliqua

110 2085 340 2118 multitudiue
356 2086 507 2118 lesekiel
531 2087 754 2132 prophetam,
778 2099 872 2120 anno
891 2091 989 2131 regni
1016 2089 1070 2122 sui
1088 2090 1421 2134 primo3secundum
1445 2103 1556 2136 quum

110 2133 218 2165 tertio
245 2143 364 2164 mense
390 2133 592 2176 lechoniae,
619 2136 680 2180 qui
708 2135 814 2167 etiam
844 2135 977 2168 Ioakim
1006 2135 1153 2178 dicitur,
1185 2137 1366 2182 profectus
1391 2149 1470 2171 cum
1495 2149 1556 2171 ce-

109 2180 194 2212 teris
219 2179 405 2212 Danielem
433 2186 469 2213 et
493 2181 655 2214 Ananian
682 2188 718 2215 et
744 2183 926 2215 misaelem
953 2188 989 2216 et
1012 2184 1165 2216 Asai-iam
1191 2185 1353 2229 cepisset,
1378 2196 1472 2218 anno
1499 2197 1555 2218 re-

109 2226 168 2269 gni
195 2224 302 2269 ³1:183
329 2227 472 2259 tertium
500 2227 656 2273 denique
684 2241 792 2274 (pium
815 2229 855 2261 11
882 2241 974 2262 anno
996 2229 1172 2263 Sedekiae
1199 2232 1496 2275 proficisceretur,
1519 2237 1555 2266 et

108 2273 280 2316 templum
303 2273 524 2314 incenderet,
555 2275 740 2308 Sedekiam
771 2283 978 2310 excaecaret
1001 2278 1129 2311 eteius
1160 2278 1253 2311 filios
1278 2290 1357 2312 cum
1385 2280 1464 2312 aliis
1490 2290 1554 2312 ne-

108 2325 229 2360 caret,
271 2320 445 2365 reliquam
482 2322 750 2356 multitudinem
785 2323 823 2356 in
874 2324 1019 2357 exilium
1063 2324 1234 2367 duceret,
1275 2336 1368 2360 anno
1412 2325 1454 2359 19
1497 2337 1554 2358 re-

109 2376 169 2409 gni
195 2377 260 2399 sui.

200 2412 532 2448 Nabuchodonosor
566 2421 754 2460 postquam
796 2415 838 2448 19
877 2427 988 2450 annos
1025 2423 1129 2451 autea
1169 2420 1342 2462 regnavit,
1365 2419 1410 2452 25
1439 2429 1552 2451 annos

106 2459 292 2504 imperium
319 2461 487 2495 obtinuit.
538 2462 804 2507 prophetabant
829 2469 947 2496 autem
972 2465 1034 2509 qui
1054 2465 1124 2498 iam
1154 2466 1331 2499 nominati
1359 2471 1454 2505 sunt,
1479 2466 1552 2497 Da-

106 2507 183 2539 niel
211 2511 247 2539 et
264 2507 428 2540 Iesekiel.
478 2509 669 2542 Mai-odach
694 2509 789 2542 hunc
815 2516 954 2543 secutus
982 2511 1024 2544 12
1048 2522 1159 2545 annos
1195 2513 1365 2557 regnavit.
1394 2512 1553 2545 Baltasar

109 2554 186 2586 eins
223 2553 332 2586 frater
348 2578 358 2594 ‚
381 2555 711 2590 Nabuchodonosor
733 2557 829 2589 silius
851 2555 875 2590 4
899 2568 1012 2591 annos
1040 2559 1209 2603 regnavit.
1260 2560 1365 2592 etiam
1390 2559 1456 2592 sub
1482 2559 1551 2592 hoc

104 2600 234 2633 Daniel
260 2601 487 2646 prophetavit
513 2609 550 2636 et
574 2604 790 2649 explicatum
819 2609 873 2637 est
898 2605 931 2637 ei
957 2607 1082 2646 visum,
1107 2606 1205 2651 quod
1230 2616 1385 2638 coenans
1413 2604 1551 2639 viderat

105 2652 142 2679 et
165 2646 295 2680 bibens
326 2659 367 2680 ex
406 2650 686 2684 sacerdotalibus
728 2650 879 2695 poculis.
936 2651 1051 2693 hunc,
1078 2658 1118 2686 ut
1142 2654 1254 2687 visum
1281 2657 1549 2693 monstraverat,

104 2695 310 2740 insequenti
335 2701 464 2737 nocte,
490 2697 614 2731 Darius
634 2699 758 2731 Asueri
786 2697 877 2731 filius
905 2698 1099 2741 interfecit,
1124 2705 1159 2733 et
1184 2710 1291 2744 reguo
1320 2700 1454 2745 potitus
1480 2705 1545 2733 est.
