1838 3132
308 172 310 174 ,
341 142 412 181 DE
436 142 837 186 THESSALOMCA
865 144 900 185 A
926 144 1134 187 lumbus
1161 144 1352 187 CAPTA.
1471 137 1566 187 407

125 242 203 293 μὲν
229 235 383 290 οὕτως·
449 245 525 284 τοῦ
567 244 614 285 δὲ
657 246 752 286 καθ’
786 243 894 298 ἡμᾶς
922 247 1019 299 βιόυ
1052 244 1096 286 τὸ
1125 244 1264 301 χρεών
1291 242 1353 295 οἷς
1383 243 1572 301 ἡμάρτο-

125 321 202 357 μεν
229 304 322 348 τότε
349 310 430 360 μὲν
447 310 588 351 α’θῶον
616 309 754 366 ἀφῆκε
769 316 910 362 μεῖναι
937 310 1012 353 τὸν
1042 307 1187 366 ἄνδρα,
1213 314 1320 367 μέγα
1350 315 1423 355 καί
1448 315 1572 355 τοῦτο

127 373 277 414 δοκοῦν
305 369 437 416 εἶναι·
494 374 545 416 οὔ
571 374 734 430 μακρός
764 377 810 418 δὲ
854 377 996 430 διέσχε
1026 378 1187 434 χρόνος,
1212 378 1284 421 καὶ
1308 374 1461 434 ἤρξατο
1490 395 1574 421 πα-

128 440 376 491 ρυψοῧσθαι
406 437 428 480 ὅ
458 438 693 497 ἅνθρωπος,
722 441 794 484 καί
821 441 1002 498 κηρύξας
1019 441 1173 487 ἑαυτὸν
1198 443 1478 501 πονηρότατον
1503 442 1575 487 εὕ-

97 507 254 559 5ρηκεν
283 506 354 548 ἐπὶ
378 509 501 564 πείρᾳ
541 510 666 562 γέρας
690 504 847 564 ὅμοιον,
878 502 936 558 ὥς
968 511 1007 551 εἰ
1042 512 1113 552 καί
1143 511 1276 561 δεινός
1305 527 1369 560 τις
1395 514 1580 554 κλέπτειν

130 566 238 613 εἶναι
280 571 544 628 ἀνακηρύξας
586 577 877 631 προσληφθείη
903 575 1049 619 ποθέν.
1108 579 1181 619 καί
1209 579 1372 620 ἐκεῖθεν
1397 576 1581 633 α’ρξάμε-

130 652 200 687 νος
232 641 307 681 τοῦ
331 639 436 681 κατὰ
465 643 561 693 βιόυ
590 636 729 693 ὕψους
754 642 911 695 γίνεται
939 641 1012 684 ἐπὶ
1038 643 1113 684 τοῦ
1140 646 1336 700 στρατοῦ,
1366 643 1437 687 καί
1463 644 1582 698 εὗρε-

131 705 223 754 θεῖς
250 706 322 747 έπί
353 707 428 747 τοῦ
464 703 735 759 Ἀνδρονύιου
777 710 965 757 τοιοῦτος
1004 708 1384 763 προσλαμβάνεται.
1457 706 1582 765 καὶῆ

132 772 226 812 καθ’
254 771 373 825 ἡμῶν
402 775 664 826 πτερωθεῖσα
698 772 901 830 συμφορὰ
919 773 1030 829 αἴρει
1052 773 1184 817 αὐτὸν
1204 777 1277 818 εἠἱ
1302 779 1426 820 πλέον
1456 776 1585 831 ὑψοῦ,

78 845 121 880 10
134 835 207 878 καί
234 838 295 886 εἰς
320 839 463 892 ψυχὴν
491 838 652 894 ε’ντήκει
681 843 830 896 φιλίως
858 843 915 898 τῷ
939 841 1206 900 Ἀνδρονύκῳ,
1240 844 1308 884 ἵνα
1338 840 1479 898 πάγχυ
1509 859 1586 884 κα-

133 901 204 952 κὸς
231 902 358 945 κακὸν
404 903 618 962 ἡγηλάζῃ,
650 904 723 948 καί
750 906 807 961 μή
840 905 892 948 τὰ
936 909 1044 949 καλά
1073 913 1159 957 τοῖς
1190 915 1330 958 κακοῖς
1357 905 1588 964 συμφόρη-

132 985 216 1022 ται,
247 971 320 1012 καί
354 968 375 1012 ὃ
418 969 559 1023 ὅμοιος
595 972 654 1020 εἷς
680 970 751 1014 τὸν
781 969 926 1025 ὅμοιον
961 969 1127 1029 ἄγηται.
1184 976 1254 1016 καί
1283 970 1394 1017 οὕτω
1425 990 1587 1031 φρονη-

132 1037 354 1090 {carno-‘hig
393 1037 454 1086 εἰς
496 1040 642 1093 πλέον,
688 1040 761 1080 καί
797 1039 875 1080 οὐκ
911 1038 1196 1093 α’νασχόμενος
1236 1041 1276 1082 εἰ
1313 1040 1460 1094 καιρὸν
1490 1034 1586 1095 ἄρτι

133 1099 315 1155 ἐξευρών
342 1102 394 1143 οὗ
422 1103 680 1158 πτερύξεται,
709 1102 823 1146 καθά
853 1120 892 1146 τι
925 1103 1143 1158 δαιμόνιον
1170 1107 1405 1162 πρόσωπον,
1435 1109 1586 1160 πειρᾶ-

79 1179 121 1213 15
134 1183 200 1209 ται
228 1163 477 1222 ὑπερπαίειν
503 1168 633 1218 αὐτὸς
666 1171 726 1220 εἰς
756 1169 802 1214 τὸ
833 1168 961 1212 κακὸν
989 1167 1149 1220 πάντας
1175 1187 1218 1213 τε
1248 1169 1346 1220 τούς
1377 1172 1435 1221 ὥς
1466 1172 1585 1227 ἐρρέ-

132 1236 190 1289 θη
219 1234 291 1275 τοῦ
336 1234 470 1288 δήμου
510 1234 769 1289 προάγοντας
807 1238 881 1278 καί
917 1234 968 1291 δὴ
1009 1236 1083 1278 καί
1106 1234 1269 1279 ἑαυτόν.
1327 1237 1400 1280 καί
1426 1243 1666 1280 ovata-278

132 1299 306 1354 βόμενος
349 1296 443 1342 ὅσοι
485 1303 557 1355 τῆς
586 1303 713 1357 καλῆς
747 1301 981 1358 συγκλήτου
1022 1305 1176 1359 βουλῆς
1216 1306 1586 1360 παραπτυσθέντες

134 1364 450 1423 ὲξεβράσθησαν
490 1369 582 1409 κατ’
624 1366 779 1421 αὐτόν,
819 1368 1002 1421 κύμασιν
1043 1370 1313 1423 ἐλαυνόμενοι
1355 1369 1384 1411 ἃ
1419 1374 1585 1424 πνεῖμα

135 1433 316 1489 πονηρὸν
343 1427 509 1490 ἤγειρεν
541 1429 609 1490 (ἧν
636 1432 717 1490 γάρ
747 1436 824 1476 καί
844 1450 906 1484 τις
943 1435 1301 1492 δαιμονοφόρητος
1327 1441 1454 1492 λέσχη
1482 1435 1585 1492 ου’γ-

78 1507 124 1542 20
137 1505 306 1556 κλητος,
351 1499 408 1550 ὥς
452 1503 740 1556 προέκκειται,
770 1501 941 1557 ειῖφυῶς
969 1500 1128 1556 ἔχουσα
1158 1504 1243 1544 κατ’
1273 1503 1428 1545 ἐκεῖνον
1458 1505 1584 1544 α’λλο..

136 1572 342 1624 φρονεῖν),
376 1567 427 1609 οὕ
455 1567 538 1623 μὴν
569 1569 614 1609 δὲ
645 1564 753 1610 ἀλλὰ
785 1570 859 1609 καί
885 1567 960 1618 τὰς
991 1567 1158 1624 φαύλας
1186 1567 1374 1625 κεφαλάς
1402 1572 1479 1611 τοῦ
1508 1567 1584 1624 δν]-

132 1650 228 1690 μου,
259 1633 365 1689 πρός
404 1634 451 1676 δὲ
490 1635 564 1676 καί
587 1632 672 1677 ’τόν
701 1635 923 1690 τηνικαῦτα
965 1637 1316 1691 πατριαρχοῦντα,
1346 1635 1418 1678 τὸν
1447 1653 1584 1689 καμα-

230 1751 263 1784 7.
288 1751 395 1798 fitur?

134 1869 180 1892 ne
210 1869 283 1892 non
301 1859 415 1892 solum
443 1860 519 1904 ipse
548 1859 646 1893 illico
672 1871 805 1905 poenas
831 1859 944 1901 daret,
972 1871 1058 1894 voce
1086 1861 1162 1893 eius
1186 1860 1283 1894 intus
1307 1859 1428 1892 audita
1456 1865 1493 1892 et
1516 1871 1579 1904 pro

134 1906 352 1940 contumelia
389 1907 611 1951 imperatoris
651 1907 796 1948 habita,
832 1907 894 1941 sed
931 1908 1036 1941 etiam
1065 1907 1411 1952 reprehenderentur
1437 1911 1472 1939 et
1498 1907 1579 1952 ipsi,

134 1952 231 1999 quod
256 1953 341 1985 iram
364 1953 401 1986 in
428 1954 535 1987 istum
560 1953 740 1987 hominem
777 1966 851 1988 non
889 1955 1139 1988 evomuissent.
1188 1960 1295 1999 atque
1321 1953 1408 1986 haec
1435 1953 1579 1998 quidem

134 2000 201 2033 illi.
221 2001 399 2034 enimvero
420 2000 540 2034 debita
559 2012 623 2046 pro
649 2002 703 2042 iis,
727 2013 820 2046 quae
839 2002 1092 2042 commisimus,
1118 2001 1200 2034 huic
1224 2002 1317 2034 vitae
1343 2012 1458 2045 poena
1484 1999 1580 2032 haud

133 2048 252 2091 attigit
283 2053 359 2081 tum
399 2048 504 2081 istum
539 2047 743 2081 hominem:
782 2048 879 2094 quod
914 2060 979 2094 per
1004 2059 1040 2082 se
1078 2049 1147 2082 iam
1171 2049 1258 2081 satis
1296 2059 1461 2091 magnum
1489 2047 1578 2080 suit:

133 2093 195 2127 sed
222 2106 294 2127 non
318 2095 468 2134 multum
494 2097 666 2140 temporis
701 2096 887 2136 interfuit,
912 2107 1020 2141 quum
1051 2096 1114 2128 ille
1141 2094 1286 2140 provehi
1314 2095 1508 2139 coepisset,
1534 2100 1581 2134 et,

133 2143 326 2187 pessimum
351 2153 387 2175 se
412 2153 487 2176 esse
512 2143 636 2184 fassus,
665 2143 901 2188 experimenti
934 2153 1039 2176 causa
1067 2143 1182 2176 simile
1209 2154 1336 2175 munus
1361 2142 1582 2175 nanciscere-

133 2194 203 2229 tur,
226 2199 266 2221 ac
289 2189 318 2222 si
349 2189 430 2235 quis
472 2190 638 2223 eximium
677 2190 722 2223 ad
755 2189 946 2222 furandum
985 2201 1021 2223 se
1059 2190 1239 2234 professus
1276 2190 1467 2234 recipiatur
1513 2189 1580 2220 aii.
1627 2208 1631 2212 -

134 2234 248 2269 eunde
269 2236 306 2269 in
330 2236 511 2269 auxilium.
538 2237 622 2271 hinc
638 2238 747 2282 igitur
762 2249 906 2270 exorsus
927 2237 1020 2270 vitae
1045 2237 1255 2270 curriculum
1282 2237 1580 2281 magnificentius,

134 2283 302 2316 exercitui
322 2283 520 2328 praefectus
545 2290 617 2319 est:
643 2291 752 2331 atque
778 2284 859 2318 talis
887 2285 1049 2317 inventus
1077 2284 1121 2317 ab
1141 2284 1344 2317 Andronico
1371 2284 1577 2326 assumitur3

135 2330 326 2375 evehitque
364 2331 466 2363 illum
506 2332 658 2366 immissa
682 2332 786 2366 nobis
818 2332 961 2365 miseria
991 2331 1036 2364 ad
1061 2332 1230 2365 maiorem
1250 2341 1390 2376 semper
1413 2329 1580 2363 altitudi-

136 2388 228 2417 nem,
259 2388 411 2423 eumque
438 2379 599 2413 insinuat
625 2380 663 2413 in
688 2380 844 2412 animum
877 2384 914 2412 et
938 2379 1127 2412 amicitiam
1152 2378 1357 2417 Andronici,
1385 2383 1424 2411 ut
1447 2378 1578 2410 malum

137 2436 278 2470 prorsus
313 2425 426 2458 malus
463 2425 636 2468 (luceret,
672 2437 763 2460 neve
800 2438 877 2459 cum
911 2425 1014 2459 malis
1052 2425 1139 2459 boni
1174 2424 1490 2465 confunderentur,
1516 2423 1578 2457 sed

136 2483 201 2518 par
225 2483 345 2516 parem
367 2473 603 2506 comitaretur.
663 2479 772 2520 atque
810 2475 859 2506 ita
885 2472 930 2505 ad
954 2473 1084 2506 maiora
1116 2473 1180 2506 iile
1208 2473 1393 2517 adspirans
1416 2482 1483 2506 nec
1508 2472 1577 2503 iam

137 2519 337 2560 sustinens,
374 2519 443 2552 nisi
484 2521 705 2554 occasionem
745 2521 852 2554 modo
895 2525 1018 2553 nactus
1057 2520 1215 2554 evolaret
1239 2525 1407 2564 tanquam
1445 2529 1578 2552 numen

137 2565 322 2606 divinum,
358 2567 519 2612 nequitia
553 2579 699 2609 omnes,
737 2568 781 2601 de
827 2567 957 2613 quibus
992 2567 1168 2601 monitum
1210 2572 1286 2606 est,
1320 2566 1428 2599 duces
1462 2565 1580 2610 piebis

137 2619 173 2646 et
198 2625 234 2646 se
269 2613 382 2658 ipsum
418 2625 584 2658 superare
625 2621 784 2648 conatur.
848 2614 1011 2648 assumsit
1049 2615 1169 2658 igitur,
1197 2617 1377 2659 quotquot
1402 2623 1421 2645 e
1444 2625 1578 2646 summo

137 2659 261 2693 ordine
291 2661 472 2694 senatorio
499 2663 633 2706 resputi
675 2668 710 2696 et
736 2662 779 2695 ad
805 2673 883 2694 eum
919 2661 1024 2694 eiecti
1049 2667 1172 2700 erant,
1196 2660 1300 2693 undis
1326 2660 1462 2700 iactati,
1489 2671 1580 2705 quas

137 2708 248 2740 malus
265 2708 478 2741 excitaverat
494 2709 638 2754 spiritus
655 2709 745 2755 (erat
763 2709 895 2755 quippe
914 2708 1018 2769 etiarn
1038 2720 1057 2742 a
1073 2708 1248 2742 daemone
1266 2706 1421 2754 quodam
1447 2707 1579 2752 agitata
