1806 3158
277 120 337 168 14
660 110 878 188 [1130le
921 117 1296 189 GRAMMA'nci]

368 228 490 287 Ἔβερ
529 230 744 286 γενόμενος
778 229 923 272 ἑκατὸν
956 229 1176 284 τριάκοντα
1216 234 1432 286 τεσσάρων
1459 234 1563 276 ἐτῶν
1591 234 1705 287 ε’γέν-

270 314 367 352 νησε
394 297 462 340 τὸν
501 300 654 340 Φαλέκ.
721 299 763 337 ἐν
806 297 919 352 α’ρχῇ
947 299 1027 338 τῶν
1067 295 1232 352 ἧμερῶν
1263 301 1405 340 Φαλὲκ
1435 299 1474 340 οὶ
1501 302 1578 341 τοῦ
1608 303 1706 343 Νῶε

269 363 356 406 υἱοί
381 364 695 418 διχονοήσαι·τες
724 365 796 415 τῆς
823 364 898 417 γῆς
925 363 983 411 εἰς
1010 360 1188 412 ἑαυτοὺς
1216 368 1429 406 ποιοῦνται
1461 365 1538 419 τήν
1563 367 1705 407 διανέ-

266 445 406 485 μησιν.
465 430 605 471 Φαλὲκ
635 425 849 480 γενόμενος
891 428 949 481 ρλ’
988 430 1091 471 ἑτῶν
1131 431 1318 485 ἐγέννησε
1345 430 1416 473 τὸν
1437 429 1608 487 Ῥαγαῦ,
1635 432 1709 474 καί

267 493 494 548 ἐπιβιώσας
517 492 585 548 ἔτη
615 491 678 534 σθ’
711 490 961 548 ἐτελεύτησε.
1023 492 1243 549 συνάγεται
1274 494 1326 537 τὰ
1355 497 1490 538 πάντα
1520 494 1591 551 ἔτη
1620 496 1738 538 άπὸὅ

266 559 402 613 Ἀδάμ
430 560 500 601 ἐπὶ
526 557 600 612 τήν
627 559 702 600 τοῦ
732 559 874 599 masten
901 558 1094 614 τελευτὴν
1131 558 1202 615 ἔτη
1230 563 1454 615 τρισχίλια.
1512 559 1621 603 ὥστε
1648 563 1706 604 εἵ-

267 626 396 674 κότως
431 624 580 678 ταύτης
607 622 732 677 ἔτυχε
759 626 832 678 τῆς
861 623 1085 677 ὀνομασίας
1113 625 1135 667 ὅ
1158 628 1320 668 Φαλέκ·
1379 629 1499 682 μερίς
1527 627 1607 682 γὰρ
1635 625 1704 680 ἑρ-

263 691 490 747 μηνεύεται
515 687 716 741 ἑκατέρας
739 693 1051 745 προαναφωνῶν
1082 689 1158 741 τάς
1186 694 1423 745 διαιρέσεις.
1450 695 1523 748 τῆς
1548 708 1592 735 τε
1622 691 1702 748 γὰρ

264 759 339 812 γῆς
367 756 442 811 τήν
469 755 745 808 διακλήρωσιν
784 754 822 797 οἱ
853 757 930 797 τοῦ
959 758 1058 799 Νῶε
1099 759 1241 807 παῖδες
1267 759 1339 799 ε’πί
1363 757 1509 800 τούτου
1537 761 1703 801 ποιοῦν-

265 839 346 877 ται,
377 823 449 863 καί
472 823 549 863 τοῦ
587 820 896 874 ὑπονοουμένου
934 824 1015 864 τῶν
1052 819 1340 876 ἑξακισχιλίων
1368 825 1469 866 ἐτῶν
1494 826 1648 879 χρόνου
1675 825 1700 879 ἧ
1717 831 1760 866 10

266 890 466 942 διαίρεσις
493 888 564 928 ε’πί
590 888 664 940 τῆς
689 889 883 941 τελευτῆς
911 889 992 929 τῶν
1019 887 1183 942 ἡμέρων
1201 888 1357 942 γίνεται
1386 888 1549 944 τούτου,
1577 888 1602 944 ἦ
1625 891 1704 942 μὲν

264 955 310 996 ἐν
333 950 459 1008 ἆρχῇ,
491 949 515 1007 ἦ
546 954 590 994 δὲ
616 954 687 994 ἐπί
710 954 765 1009 τῷ
791 954 901 993 τέλει
929 955 1002 1006 τῆς
1024 955 1129 1007 ζωῆς
1150 955 1298 996 αὐτοῦ.
1354 953 1449 997 τότε
1476 957 1702 1008 μεταστέλ-

265 1024 402 1060 λονται
434 1016 471 1059 οἱ
500 1023 608 1070 τρεῖς
639 1016 727 1059 vio?
753 1019 829 1058 τοῦ
851 1019 947 1061 Νῶε
975 1018 1130 1068 πάντας
1155 1019 1253 1068 τούς
1283 1022 1326 1070 ἐξ
1353 1019 1507 1071 αὐτῶν,
1537 1022 1610 1061 καί
1636 1021 1702 1061 δι-

263 1086 406 1126 δοῦσιν
448 1085 589 1132 αὐτοῖς
633 1081 842 1139 ἔγγραφον
881 1085 964 1125 τῶν
1002 1085 1141 1126 τόπων
1183 1084 1258 1140 τήν
1301 1089 1602 1141 κατανέμησιν,
1631 1088 1703 1127 καί

264 1150 540 1203 λαγχάνουσιν
586 1147 745 1206 ἑκάστῳ
785 1151 857 1191 καί
883 1155 973 1198 ταῖς
1009 1148 1184 1192 ἑκάστου
1223 1155 1378 1206 φυλαῖς
1407 1151 1480 1193 καὶ
1504 1157 1700 1206 πατριαῖς
1716 1161 1757 1195 15

264 1214 384 1257 τόποι
418 1218 486 1256 καὶ
525 1216 704 1268 κλᾴιατα
752 1215 824 1256 καί
861 1218 1003 1270 χῶραι
1042 1217 1115 1258 καί
1141 1218 1257 1271 νῆσοι
1290 1217 1363 1258 καί
1387 1218 1568 1270 ποταμοὶ
1597 1210 1698 1258 κατά

263 1280 337 1335 τὴν
365 1280 636 1336 ὑποκειμένην
664 1279 838 1322 ἔκθεσιν.

378 1348 444 1402 Τῷ
470 1348 547 1398 μὲν
588 1341 663 1387 οὖν
689 1345 784 1400 Σήμ
820 1348 878 1403 τῷ
905 1345 1147 1403 πρωτοτόκῳ
1189 1345 1267 1403 υἱῷ
1295 1350 1395 1389 Nesis
1422 1347 1504 1388 άπὸ
1536 1350 1698 1401 Περσί-

264 1414 335 1462 δος
362 1414 433 1453 καί
458 1410 661 1464 Βάκτρων
687 1412 765 1459 ἓως
787 1411 960 1465 Ἰνδικῆς
989 1413 1060 1452 καί
1076 1411 1412 1467 Ῥινοκορούρων,
1439 1413 1495 1470 τῷ
1521 1414 1568 1454 δὲ
1593 1412 1700 1466 Χιὶμ

261 1480 317 1535 τῷ
345 1479 522 1534 δευτέρῳ
559 1477 637 1535 υἱῷ
680 1479 755 1520 τοῦ
789 1479 886 1519 Νῶε
916 1475 996 1518 α’πό
1031 1477 1353 1531 Ῥινοκορούρων
1378 1476 1456 1526 ἕως
1482 1480 1523 1519 Γ
1521 1479 1756 1529 αδείρωνεὶθ

261 1543 312 1586 τά
344 1542 446 1598 πρὸς
475 1544 615 1596 νότον,
659 1546 716 1600 τῷ
755 1545 801 1584 δὲ
831 1542 973 1598 Ἰάφεθ
1010 1545 1068 1599 τῷ
1093 1546 1213 1600 τρίτῳ
1242 1540 1320 1599 υἱῷ
1351 1545 1450 1584 Νῶε
1481 1542 1564 1584 α’πὸ
1593 1545 1698 1597 Μη-

260 1612 374 1658 δείας
401 1611 478 1657 ’ἕως
509 1611 724 1663 Γαδείρων
767 1606 818 1650 τά
846 1607 948 1663 πρὸς
987 1610 1158 1663 βορρᾶν.
1223 1606 1312 1649 ἔστι
1340 1609 1386 1649 δὲ
1415 1606 1459 1649 αἱ
1487 1608 1696 1661 λαχοῦσαι

255 1676 391 1728 χῶραι
418 1677 506 1717 κατ’
548 1670 676 1727 ὄνομα
717 1676 774 1733 τῷ
814 1673 933 1729 Σήμ,
979 1676 1037 1731 τῷ
1077 1671 1325 1731 πρωτοτόκῳ
1358 1672 1442 1730 υἱῷ
1480 1675 1557 1715 τοῦ
1582 1674 1694 1727 Νῶε,

256 1742 358 1796 αἵδε,
389 1744 550 1796 Περσίς
571 1772 584 1795 ,
613 1738 851 1796 Βακτριανή
868 1774 881 1794 ,
904 1740 1122 1796 Ὑρκανία,
1163 1742 1417 1792 Βαβυλωνία
1435 1770 1447 1790 ,
1479 1736 1693 1794 Κορδύνη,

349 1857 380 1890 7.
406 1858 466 1899 τῆς
491 1868 546 1890 om
565 1857 592 1890 C
687 1857 741 1889 11.
767 1854 789 1890 ὅ
811 1856 882 1903 μὲν
905 1875 949 1881 -
974 1854 994 1890 ὅ
1014 1854 1054 1890 δὲ
1077 1855 1104 1889 C
1198 1853 1252 1888 18.
1275 1854 1369 1890 υἱῶν
1395 1853 1421 1887 C
1513 1853 1570 1888 22.
1594 1853 1693 1888 elai?

347 1952 440 1984 Eber
467 1952 534 1984 134
559 1963 670 1985 annos
695 1957 797 1986 natus
826 1951 947 1995 genuit
974 1949 1117 1985 Phalek.
1167 1949 1273 1982 huius
1297 1949 1389 1982 vitae
1414 1948 1519 1981 initio
1541 1948 1620 1982 Noe
1644 1948 1690 1981 li·-

257 1998 333 2031 beri
360 1999 613 2032 dissentientes
637 2004 766 2032 terram
794 1999 886 2031 inter
916 2008 953 2031 se
977 1997 1181 2031 diviserunt.
1236 1994 1369 2028 Phalek
1397 1994 1463 2028 130
1487 2006 1597 2028 annos
1622 2005 1688 2027 na-

257 2050 313 2078 tus
338 2046 462 2089 genuit
486 2048 599 2090 Ragau
637 2051 673 2078 et
699 2044 871 2090 posthac,
897 2056 1006 2090 quum
1030 2044 1176 2078 vixisset
1197 2053 1308 2075 annos
1332 2040 1413 2082 209,
1438 2047 1598 2074 mortuus
1623 2047 1688 2078 est,

257 2093 401 2124 suerunt
426 2098 542 2126 autern
584 2103 755 2125 annorum
795 2092 837 2124 ab
863 2091 995 2124 Adamo
1032 2101 1144 2135 usque
1179 2089 1224 2121 ad
1247 2087 1380 2122 Phalek
1404 2093 1551 2120 mortem
1575 2087 1686 2128 300ος

255 2138 305 2171 ita
343 2144 382 2171 ut
405 2139 479 2170 iure
514 2139 604 2172 illud
643 2150 774 2172 nomen
802 2137 934 2172 Phalek
959 2139 1006 2171 sit
1036 2136 1210 2177 inditum3
1234 2141 1368 2180 partem
1395 2135 1488 2167 enim
1513 2133 1688 2178 significat

255 2190 293 2217 et
321 2191 506 2230 utramque
533 2186 758 2230 partitionem
778 2184 968 2231 portendit.
1017 2194 1169 2228 namque
1187 2187 1223 2215 et
1241 2187 1356 2215 terrae
1383 2180 1592 2214 divisionem
1608 2180 1686 2212 Noe

256 2231 322 2264 filii
347 2231 410 2264 sub
436 2243 478 2264 eo
516 2233 677 2265 fecerunt
703 2238 739 2266 et.
773 2232 947 2277 praefiniti
974 2230 1139 2276 temporis
1164 2228 1256 2262 6000
1290 2239 1460 2260 annorum
1488 2227 1554 2259 sub
1577 2227 1685 2260 finem

255 2279 329 2310 eius
355 2279 448 2311 vitae
470 2278 596 2312 divisio
623 2284 675 2312 est
704 2279 814 2321 facta3
840 2279 947 2323 igitur
972 2283 1007 2310 et
1030 2277 1133 2310 initio
1162 2280 1198 2308 et
1222 2275 1261 2307 in
1285 2275 1354 2307 fine
1379 2274 1454 2306 eius
1475 2274 1580 2307 vitae.
1609 2279 1684 2306 tum

254 2330 323 2357 tres
349 2325 424 2358 Noe
465 2325 527 2357 filii
553 2337 672 2358 omnes
709 2337 750 2357 ex
788 2336 824 2358 se
864 2331 1052 2369 prognatos
1077 2322 1342 2361 arcessiverunt‚
1366 2321 1482 2365 iisque
1506 2319 1685 2353 dederunt

253 2372 477 2416 perscriptam
504 2372 658 2405 locorum
684 2372 922 2417 partitionem.
971 2377 1076 2415 atque
1109 2369 1311 2412 obtigerunt
1333 2367 1478 2411 singulis
1504 2371 1541 2399 et
1563 2366 1684 2411 singu-

255 2418 366 2450 lorum
394 2418 557 2461 gentibus
587 2425 699 2452 terrae
714 2424 750 2452 et
774 2419 926 2459 climata,
948 2417 1117 2461 regiones,
1137 2415 1274 2448 insulae
1298 2419 1333 2447 et
1359 2413 1458 2448 fluvii
1488 2413 1682 2446 secundum

254 2464 380 2496 factam
406 2465 621 2498 divisionem.

345 2511 423 2543 Sem
452 2511 569 2554 igitur,
598 2523 640 2544 ex
662 2511 738 2544 Noe
765 2511 848 2543 filiis
872 2515 958 2543 natu
989 2509 1170 2547 maximus,
1195 2512 1321 2539 terram
1346 2517 1365 2538 a
1390 2505 1529 2538 Perside
1555 2511 1591 2538 et
1612 2507 1680 2539 Ba-

255 2556 387 2588 ctriana
410 2569 521 2602 usque.
545 2557 736 2590 adlndiam
762 2563 798 2590 et
810 2557 1079 2589 Rhinocoruram
1107 2554 1251 2587 sortitus
1278 2558 1357 2595 est3
1384 2551 1504 2592 cham,
1528 2552 1619 2585 alter
1636 2562 1680 2584 ex

254 2602 330 2635 Noe
355 2602 434 2635 filiis
461 2616 478 2635 a
505 2604 741 2637 Rhinocorura
760 2614 870 2649 usque
895 2601 1133 2641 adGadiram,
1158 2611 1250 2645 quae
1268 2605 1320 2632 est
1343 2598 1526 2632 meridiem
1548 2608 1680 2640 versus;

254 2648 402 2692 1aphed,
428 2651 552 2682 tertius
578 2651 653 2683 Noe
679 2650 783 2690 filius,
816 2661 836 2682 a
862 2649 980 2682 Media
1007 2659 1118 2692 usque
1143 2647 1188 2679 ad
1214 2646 1393 2685 Gadiram,
1421 2656 1512 2690 quae
1535 2655 1616 2691 pars
1641 2645 1679 2676 in

253 2695 513 2740 septentriones
537 2702 682 2741 spectat.
730 2701 812 2730 sunt
834 2701 951 2730 autem
977 2701 1104 2735 terrae,
1141 2704 1232 2742 quae
1255 2693 1335 2726 Sem
1361 2692 1564 2736 obtigerunt
1591 2689 1679 2724 hae:
