1838 3132
325 119 420 165 450
868 114 1198 156 Ens‘m‘mms
1360 128 1366 145 ι

322 222 397 277 τήν
432 219 564 264 οἰκίαν
600 217 725 273 σίφείς
750 213 910 269 ὀπίσω,
939 217 1006 256 ἵνα
1034 213 1164 267 ἔργων
1189 211 1371 265 ἅπτοιτο,
1400 208 1498 268 εὗρε
1527 216 1646 256 πέντε
1679 207 1751 254 ἄν·

323 290 425 342 δρας
458 280 725 337 Ἀλαμανούς
770 281 967 329 ἐνόπλους
1006 282 1237 335 ε’φίππους,
1267 277 1374 331 ὁμοῦ
1400 281 1656 327 συνεστῶτας
1677 279 1755 318 ’καί

322 353 571 405 ὁμιλοῦντας
600 346 651 389 τά
679 348 801 403 σφίσι
822 348 1036 387 δοκοῦντα.
1093 345 1163 387 καὶ
1180 344 1212 397 >ὅ
1239 346 1316 397 μὲν
1343 340 1554 400 παρῴχετο
1574 344 1752 390 ἐκείνους

321 418 422 460 ὁδοῦ
451 417 566 472 λόγῳ,
606 412 644 455 οἱ
669 416 716 455 δὲ
757 412 1108 465 προσεκαλέσαντο
1126 441 1138 464 ,
1178 412 1251 452 καί
1288 409 1344 456 ὦς
1373 410 1570 451 ἐπέλασεν
1597 409 1751 459 αὐτοῖς,

318 482 422 535 μετὰ
449 480 580 522 πολλὰ
627 479 678 522 τὰ
716 480 760 520 ἐν
799 478 912 533 μέσῳ
941 476 1154 531 ἀπήγαγον
1197 476 1329 517 adro&
1358 471 1433 527 τήν
1461 471 1600 524 δεξιὰν
1627 478 1784 527 χεΐραό

321 548 536 599 δυστυχῶς
579 546 636 600 τῷ
672 542 820 597 α’νδρί·
885 542 1106 596 γυμνώσας
1148 539 1227 595 γὰρ
1257 535 1315 589 εἷς
1344 540 1509 581 ἐκείνων
1535 536 1654 593 ξίφος
1681 539 1756 579 κατ’

318 609 558 664 καταγαγών
586 608 796 663 ἀπήραξεν
824 606 971 661 αὐτήν.
1010 609 1086 647 οιῖκ
1114 605 1212 661 ἔσχε
1242 607 1288 648 δὲ
1316 606 1386 647 καί
1413 605 1472 653 εἰς
1499 604 1621 645 πλέον
1645 604 1753 656 βλά-

318 688 414 730 ψαι,
444 677 712 730 πτερωθέντα
737 669 822 716 οἷον
853 674 912 721 εἷς
938 670 1086 727 φυγήν.

460 743 653 784 Τοιοῦτον
691 741 762 782 καί
799 738 842 782 τὸ
884 741 960 782 τοῦ
998 738 1278 792 Ἀλαμανικοῦ
1313 735 1518 792 τάγματος
1563 737 1752 792 προδοτι-

319 807 417 860 κόν,
461 801 513 848 οὗ
552 805 784 862 πρόδρομοι
820 803 896 859 τήν
937 806 1041 858 χθὲς
1085 805 1223 858 δείλην
1265 810 1372 857 τρεῖς
1418 804 1501 845 τῶν
1542 803 1753 855 &velamant
1764 806 1809 843 w

318 874 458 915 πυλῶν
485 874 556 926 τῆς
587 871 742 919 πόλεως
769 869 1054 925 κατεπήδησαν
1071 871 1145 911 καί
1169 869 1335 911 πάντων
1363 870 1442 911 τῶν
1469 870 1558 910 ἐκεῖ
1575 867 1752 920 βλεπόν-

317 955 400 980 των
427 943 511 986 τοῖς
539 933 774 991 βαρβάροις
801 938 949 991 φιλίως
975 937 1226 987 σανέμιξαν.’
1270 934 1296 990 ἧ
1328 936 1374 977 δὲ
1400 932 1480 988 πρό
1512 936 1629 975 δυοῖν
1653 932 1754 988 ἢμό-

315 1020 413 1058 ραιν
442 1005 515 1057 τῆς
543 1000 737 1049 ἁλώσεως
757 1000 854 1055 περὶ
871 1002 1056 1055 πέμπτην
1073 1003 1145 1054 τῆς
1173 999 1405 1054 ἑβδομάδος
1423 997 1754 1054 &ambaciens-

314 1085 392 1123 ρας
437 1067 661 1123 ἐπιφάνεια
694 1067 940 1121 Θεοφάνους
979 1068 1051 1107 τοῦ
1076 1068 1284 1119 Προβατεῖ
1318 1064 1401 1108 ἔσω
1437 1069 1613 1120 πόλεως,
1636 1063 1683 1114 ὃς
1706 1065 1753 1108 ἐκ

313 1136 560 1188 Δυρραχίου
597 1130 856 1184 συνωμάρτει
893 1136 978 1179 τοῖς
1009 1133 1210 1180 Λατίνοις
1253 1130 1410 1187 φίλιος,
1445 1135 1559 1180 τίνας
1596 1132 1680 1174 οὐκ·
1701 1127 1754 1173 ἂν
1767 1135 1809 1169 15

314 1201 374 1247 εἷς
403 1200 498 1240 νοῦν
541 1194 789 1249 προδοτικόν
816 1195 995 1251 ἐναγάγῃ
1035 1196 1250 1249 μαθόντας
1276 1194 1438 1251 αὕτήνς
1467 1195 1516 1251 ἣν
1541 1198 1669 1240 Λέων
1691 1211 1754 1245 τις

313 1266 450 1306 ἵππων
487 1262 648 1316 ἀγαθός
693 1251 898 1314 μελητής,
930 1259 951 1301 ὅ
973 1260 1336 1316 “Αγιοευφημίτης,
1365 1262 1466 1304 ι’δών
1495 1263 1567 1309 καί
1587 1276 1755 1317 περιερ-

312 1329 570 1382 γασάμενος,
614 1327 686 1367 καί
728 1327 854 1382 θυμῷ
898 1327 975 1378 μὲν
1015 1328 1215 1380 βληθείς,
1254 1325 1330 1367 οὐκ
1361 1325 1470 1380 ἔχων
1498 1328 1535 1368 δ’
1564 1323 1588 1367 ὅ
1614 1343 1654 1368 τι
1683 1327 1757 1368 καί

315 1393 531 1447 δράσειεν,
568 1390 786 1432 &maioma
829 1386 994 1443 ἄμυναν
1034 1393 1086 1447 τῇ
1115 1392 1310 1445 πατρίδι,
1351 1391 1525 1443 ἐξειπών
1552 1390 1600 1433 τό
1631 1389 1755 1433 κακὸν

312 1464 396 1508 τοῖς
426 1457 484 1511 μή
513 1458 695 1508 τολμῶσι
729 1460 867 1498 λαλεῖν
896 1473 936 1498 τι
954 1455 1054 1510 πρὸς
1083 1457 1156 1497 τὸν
1174 1457 1246 1498 ἐπί
1271 1458 1506 1514 δυσπραγίᾳ
1533 1459 1648 1514 κοινῇ
1673 1464 1812 1512 ‹po-20

314 1523 440 1577 βερὸν
469 1523 619 1566 Δαυΐδ.
1715 1552 1717 1555 .

415 1585 545 1631 Ἀλλὰ
574 1589 706 1629 ταῦτα
742 1588 819 1638 μὲν
855 1583 990 1635 οὕτως
1019 1587 1120 1641 ἡμῖν
1163 1589 1396 1640 α’ναγκαίως
1424 1588 1717 1644 έπεμβεβλήσθ

323 1650 341 1664 Ἃ

315 1671 339 1707 η
368 1652 554 1707 μάλιστα
593 1651 876 1707 προειλήφθω,
951 1651 989 1694 οἱ
1021 1654 1066 1695 δὲ
1111 1652 1298 1706 πολέμιοι
1330 1656 1507 1708 στερεῶς
1535 1652 1639 1696 κατὰ
1669 1655 1753 1697 τῶν

315 1821 535 1850 accesserant
558 1815 689 1854 hostes,
716 1826 825 1860 quum
841 1815 904 1848 ille
925 1827 943 1848 e
964 1827 1085 1849 somno
1099 1817 1366 1861 expergefactus
1390 1821 1426 1850 et
1440 1816 1545 1851 domo
1559 1817 1750 1862 profectus,

315 1870 355 1896 ut
382 1873 485 1908 opem
511 1862 628 1902 ferret,
654 1867 822 1907 quantam
846 1867 978 1907 posset,
1007 1863 1166 1908 quinque
1193 1865 1331 1909 equites
1356 1863 1569 1898 Alamannos
1596 1868 1750 1901 armato·

314 1909 469 1949 invenit,
505 1909 567 1954 qui
601 1908 834 1941 constiterant
872 1914 909 1941 et
943 1920 1121 1942 sermones
1152 1910 1244 1943 inter
1273 1920 1310 1943 se
1335 1909 1508 1944 serebant.
1557 1909 1620 1947 ille
1645 1921 1750 1956 prae-

315 1956 444 1990 teribat
469 1966 529 1987 eos
555 1954 632 1987 viae
658 1955 839 1993 intentus,
863 1955 925 1987 sed
949 1960 1131 1989 revocatus
1148 1982 1158 1996 ‚
1184 1967 1293 2002 quum
1327 1956 1534 1993 accessisset
1557 1955 1602 1989 ad
1627 1967 1688 1993 eos
1713 1961 1750 1992 et

313 2003 426 2036 multa
443 2013 521 2034 cum
545 2001 587 2046 iis
613 2001 752 2044 egisset,
777 2000 935 2034 dextram
953 2013 1092 2035 manum
1112 2003 1364 2036 miserabiliter
1389 2002 1581 2037 abscissam
1606 2001 1746 2038 hahuit.

315 2050 448 2082 etenim
474 2058 564 2080 unus
591 2058 634 2080 ex
657 2047 699 2079 iis
736 2048 856 2080 stricto
883 2047 1002 2092 gladio
1034 2060 1112 2082 eam
1144 2050 1349 2094 amputavit.
1405 2059 1472 2082 nec
1495 2049 1559 2083 ille
1584 2049 1653 2083 iam
1679 2049 1748 2086 ob-

314 2096 383 2129 niti
410 2099 562 2139 poterat,
587 2092 650 2125 sed
674 2094 780 2127 celeri
811 2094 892 2138 fuga
916 2095 1066 2128 salutem
1092 2096 1278 2141 quaesivit.

405 2141 502 2175 Talis
530 2139 599 2172 fuit
625 2140 730 2173 etiam
757 2140 1004 2174 Alemannicae
1040 2142 1194 2175 cohortis
1229 2141 1396 2187 proditio,
1420 2141 1519 2174 cuius
1542 2152 1749 2186 praecurso-

314 2199 368 2221 res
392 2193 462 2221 tres
487 2197 632 2230 vespera
656 2187 828 2231 superiori
852 2187 897 2220 de
920 2193 1022 2233 porta
1051 2188 1144 2221 urbis
1169 2188 1382 2222 occidentali
1407 2187 1630 2222 desiluerant
1650 2194 1687 2222 et
1708 2189 1749 2222 in

314 2234 484 2273 omnium,
503 2233 565 2278 qui
593 2231 752 2273 aderant,
778 2239 970 2279 conspectu
997 2233 1155 2267 barbaris
1187 2234 1298 2267 amice
1322 2245 1359 2267 se
1391 2234 1663 2268 immiscuerant.
1689 2234 1746 2268 die

314 2286 432 2315 autem
449 2284 531 2312 ante
557 2283 692 2323 captam
714 2279 836 2313 urbem
857 2280 1026 2320 secundo,
1050 2281 1176 2327 quinto
1201 2279 1445 2322 hebdomadis,
1467 2281 1578 2314 multa
1599 2291 1747 2327 vespera

314 2328 348 2360 iu
380 2326 501 2359 urbem
528 2324 695 2359 advectus
710 2325 949 2372 Theophanes
976 2327 1154 2368 Probata,
1171 2328 1234 2372 qui
1258 2327 1470 2370 Dyrrhachii
1497 2327 1634 2361 Latinis
1658 2327 1747 2360 ami·

314 2385 390 2406 curn
419 2383 456 2405 se
482 2372 701 2412 adiunxerat,
725 2373 792 2413 cui,
821 2384 966 2418 quaeso,
992 2374 1054 2419 qui
1077 2385 1148 2407 rem
1168 2373 1355 2414 audiverit,
1379 2374 1618 2419 suspicionem
1646 2373 1760 2411 frasu-,-

314 2419 369 2451 dis
392 2429 464 2452 non
491 2418 648 2451 iniiciat?
697 2420 796 2451 cuius
828 2420 1016 2452 adventum
1042 2431 1150 2465 quum
1180 2421 1344 2454 sensisset
1370 2425 1407 2454 et
1440 2414 1748 2456 animadvertisset

315 2476 484 2510 equorum
519 2465 715 2508 praefectus
754 2465 1065 2508 diligentissimus,
1102 2467 1171 2500 Leo
1208 2465 1541 2512 Hapioeuphemita,
1566 2466 1750 2504 sollicitus.

315 2511 457 2555 quidem
483 2512 597 2544 animo
614 2535 624 2551 ‚
646 2511 707 2543 sed
734 2513 871 2544 consilii
899 2514 1014 2556 inops,
1050 2512 1176 2546 frustra
1201 2515 1336 2559 patriae
1362 2513 1553 2552 consuluit,
1579 2524 1614 2545 re
1639 2523 1743 2548 enar-

317 2558 423 2590 randa
450 2557 508 2596 iis,
535 2557 681 2602 quinon
706 2557 877 2592 auderent
902 2559 1095 2604 quidquam
1121 2561 1303 2593 enuntiare
1330 2570 1446 2593 coram
1460 2558 1604 2600 Davide,
1628 2558 1743 2593 homi-

316 2615 360 2636 ne
388 2604 425 2636 in
454 2604 631 2636 communi
657 2604 858 2637 calamitate
881 2606 1052 2639 timendo.

408 2649 477 2681 Sed
504 2649 589 2682 haec
606 2649 749 2695 quidem
773 2652 822 2684 ita
848 2652 948 2685 nobis
961 2653 1157 2686 necessario
1187 2652 1394 2698 interposita
1414 2652 1471 2685 vel
1497 2652 1614 2698 potius
1636 2660 1741 2695 prae-
