1838 3132
245 101 310 147 88
647 90 869 164 [tssoNis
910 89 1291 162 GRAMMATlcl]

243 222 327 261 ται,
357 209 431 249 καί
454 210 678 261 κακωθείς,
707 209 866 250 ἐκεῖθέν
895 223 939 249 τε
979 209 1034 249 δι’
1054 205 1348 255 Ἑλενοπόλεως
1376 207 1420 248 ἐν
1447 209 1504 264 τῷ
1530 208 1686 262 χάρακι

242 271 380 315 ἐλθών
407 275 592 326 πυρετοῦ
629 270 788 327 λάβρου
832 273 1110 327 κατασχόντος
1154 270 1280 314 αὐτὸν
1309 269 1550 327 ἐτελεύτησε
1576 272 1684 324 μετὰ

242 335 410 380 ἔννατον
437 341 512 380 τοῦ
538 341 728 391 οἰκισμοῦ
766 338 1258 386 Κωνσταντινουπόλεως.
1325 331 1399 379 καὶ
1422 336 1688 392 ἀπεκομίσθη

241 401 287 446 τὸ
320 407 518 458 λείψανον
551 401 682 446 αὐτοῦ
709 404 752 444 ἐν
778 405 837 460 τῷ
866 406 951 460 ναῷ
970 403 1096 458 ἁγίων
1122 399 1372 455 α’ποστὸλων,
1400 401 1472 444 καί
1498 402 1686 458 ‹iuste-917

241 472 287 511 ἐν
313 471 486 524 λάρνακι
533 470 738 526 πορφυρῷ
779 465 872 524 ἦτοι
901 470 1119 528 Ῥωμαίῳ,
1162 465 1292 517 αὕτός
1325 483 1368 510 τε
1395 470 1468 509 καί
1493 468 1518 521 ἦ
1546 469 1718 524 μήτηρ5

241 536 374 577 αὐτοῦ
397 536 546 590 Ἑλένη,
574 533 654 588 πρὸ
683 533 845 577 δώδεκα
875 536 976 577 ἑτῶν
1002 538 1076 589 τῆς
1104 536 1234 578 αὐτοῦ
1260 537 1449 589 τελευτῆς
1480 536 1684 587 θανοῦσα,

240 603 312 642 καί
339 602 362 655 ἡ
391 600 492 656 γυνη
524 602 658 643 av'wz'i
686 601 879 654 Φαύστα,
909 602 1099 656 θυγάτηρ
1119 602 1395 655 Μαξιμιανοῦ
1421 601 1494 642 τοῦ
1514 600 1685 655 Ἓρκου-

238 669 344 719 λιόυ,
378 669 636 721 καταλείψας
678 673 790 722 τρεῖς
816 667 956 720 υἱούς,
997 668 1290 709 Κωνστοίντιον
1329 665 1588 709 Κώνσταντα
1616 667 1690 708 καί

239 737 575 787 Κωνσταντῖνον,
609 734 899 788 διορισάμενος
918 733 1205 776 Κωνστάντιον
1243 734 1322 786 μὲν
1349 731 1463 786 ἔχειν
1489 731 1541 774 τὰ
1571 730 1686 789 Θρᾴ-

240 815 312 853 κης
340 799 410 840 καί
437 797 544 849 ἓώας
571 802 692 855 μέρη,
721 800 978 841 Κώνσταντα
1009 800 1056 841 δὲ
1086 797 1256 852 Κρήτην
1286 802 1358 841 καὶ
1383 795 1588 854 Ἀφρικὴν
1614 796 1688 839 καί
1700 806 1742 840 10

239 864 286 906 τὸ
316 867 551 920 Ἰλλυρικόν,
584 870 902 909 Κωνσταντῐνον
930 867 975 907 δὲ
997 863 1049 907 τοὶ
1079 863 1183 918 πρὸς
1201 863 1386 906 Ωκεανὸν
1410 861 1600 917 ἑσπέρια.

354 932 669 972 Κωνσταντίνου
700 935 775 973 τοῦ
804 934 923 974 θείου
957 931 1040 972 ὑπὸ
1070 928 1271 985 Ἑλλήνων
1305 929 1550 987 φιλοσόφων
1580 929 1688 971 ὄνει-

241 998 457 1046 δισθὲντος
485 999 544 1045 εἰς
571 998 619 1038 τὸ
651 995 896 1050 Βυζάντιον,
944 998 1000 1046 ὥς
1032 999 1084 1038 ου’
1115 997 1289 1050 πράττοι
1319 999 1456 1046 καλῶς
1483 994 1599 1050 παρὰ
1633 994 1684 1038 τὰ

239 1061 317 1116 ἔθη
347 1066 427 1104 τῶν
454 1061 567 1116 παρὰ
603 1062 826 1115 Ῥωμαίοις
861 1062 1198 1116 βασιλευσάντων
1243 1059 1550 1116 ὃιαγινόμενος,
1579 1061 1687 1103 ἀλλὰ

241 1128 474 1182 νεωτερίζοι
500 1128 575 1182 τήν
601 1128 828 1183 θρησκείαν
865 1131 1161 1181 μεταθέμενος,
1192 1126 1329 1179 ἔδοξεν
1358 1129 1474 1186 αύτῷ
1503 1129 1576 1168 ἕνα
1604 1129 1687 1169 τῶν
1700 1135 1744 1170 15

241 1191 486 1249 φιλοσόφων
521 1195 798 1249 διαλεχθῆναι
827 1193 1082 1251 Ἀλεξάνδρῳ
1101 1196 1160 1251 τῷ
1185 1191 1394 1252 ἑπισκόπῳ
1425 1194 1501 1235 τοῦ
1518 1194 1688 1245 Βυζανὲ·

239 1259 332 1301 τίου
374 1261 472 1313 περί
507 1263 581 1315 τῆς
615 1263 801 1309 πίστεως.
871 1254 989 1309 οὗτος
1020 1261 1295 1313 Ἀλέξανδρος
1335 1257 1598 1314 πατριάρχης
1635 1252 1687 1313 ἦν

239 1323 345 1379 πρὸς
373 1325 418 1367 τὸ
452 1328 567 1375 τέλος
594 1328 671 1367 τοῦ
699 1325 882 1379 μεγάλου
904 1326 1235 1368 Κωνσταντίνου.
1291 1325 1422 1379 λόγων
1448 1326 1495 1366 δὲ
1515 1321 1688 1380 ἄπειρος

241 1386 301 1431 (ὃν
331 1388 353 1431 ὅ
379 1391 662 1446 Ἀλέξανδρος,
690 1391 741 1433 τοὶ
772 1393 818 1433 δὲ
847 1387 954 1432 ἄλλα
985 1394 1110 1447 θεῖος,
1139 1393 1183 1433 ἑν
1209 1393 1257 1448 τῇ
1287 1391 1421 1449 ἡμέρᾳ
1447 1393 1522 1446 τῆς
1547 1392 1685 1432 διαλέ-

242 1457 343 1506 ξεως
374 1454 463 1499 εἶπε
494 1459 549 1514 τῷ
592 1458 833 1515 διαλεκτικῷ
860 1455 1077 1515 φιλοσόφῳ
1119 1459 1190 1498 “civ
1218 1455 1390 1509 ὄνὸματι
1416 1458 1550 1512 Ἰησοῦ
1577 1459 1684 1510 Χρι-
1696 1465 1743 1499 20

242 1525 344 1564 στοῦ
371 1523 576 1565 ἑπιτάττω
600 1538 668 1565 σοι
696 1525 858 1565 σιωπᾶν
886 1524 1034 1578 καὶμὴ
1066 1525 1326 1578 φθέγγεσθαι
1343 1528 1380 1551 ·”
1436 1519 1527 1575 ἅμα
1555 1524 1601 1564 δὲ
1629 1525 1687 1580 τῷ

182 1610 186 1612 ·
242 1586 347 1645 λόγῳ
376 1588 573 1644 ἐφιμώθη
605 1591 679 1631 καί
707 1589 909 1641 διέμεινεν
939 1585 1104 1637 ἅλαλος.
1169 1590 1360 1647 Ειῖσεβίῳ
1391 1592 1436 1631 δὲ
1467 1590 1524 1647 τῷ
1555 1592 1686 1642 Παμ-

245 1656 371 1709 φίλου
406 1656 578 1708 βίβλους
615 1653 734 1709 ἱερὰς
763 1657 1073 1704 Κωνσταντῖνος
1109 1656 1418 1697 κατασκευάσαι
1460 1657 1685 1711 προσέταξε

244 1721 351 1777 λόγῳ
381 1722 462 1763 τῶν
493 1722 717 1777 ἐκκλησιῶν
746 1719 1238 1777 Κωνσταντινουπόλεως,
1266 1719 1582 1776 παρασχόμενος
1607 1722 1684 1763 αυ’-

243 1903 296 1943 lit,
321 1903 383 1935 nbi
410 1902 614 1937 vehementi
653 1904 745 1938 febri
769 1909 930 1938 mortuus
966 1909 1021 1939 est
1051 1917 1148 1939 nono
1173 1917 1267 1939 anno
1292 1910 1480 1951 postquam
1509 1904 1684 1938 Constan-

243 1950 422 1994 tinopolin
448 1949 706 1984 aedificaverat·
735 1950 892 1985 delatum
917 1957 971 1985 est
996 1963 1123 1997 corpus
1149 1953 1224 1986 eius
1250 1953 1288 1985 in
1312 1957 1512 1985 sanctorum
1539 1956 1684 1996 aposto-

242 1997 357 2030 lorum
383 1997 567 2030 ecclesiam
603 1999 726 2043 ibique
763 1998 800 2031 in
829 1999 956 2043 capulo
986 2000 1147 2044 sepultus
1172 2005 1226 2032 est
1250 1998 1499 2044 porphyretico
1524 1999 1684 2031 Romano

241 2044 339 2076 iuxta
363 2043 525 2077 Helenen
550 2050 696 2078 matrem
729 2045 771 2077 12
805 2047 907 2078 annis
943 2052 1025 2079 ante
1062 2057 1140 2079 eum
1172 2051 1343 2078 mortuam
1375 2051 1482 2089 atque.
1518 2044 1684 2078 Faustam

243 2101 390 2124 uxorem
418 2091 624 2124 Maximiani
651 2092 808 2125 Herculii
847 2092 967 2125 filiam.
1026 2099 1096 2126 tres
1121 2093 1214 2125 filios
1237 2093 1382 2137 reliquit
1413 2092 1684 2133 Constantium,

242 2137 471 2171 Constantem
506 2144 543 2171 et
576 2138 860 2179 Constantinum,
882 2139 1072 2185 stipulatus
1094 2140 1341 2173 Constantium
1364 2138 1495 2171 habere
1508 2138 1683 2171 Thraciae

242 2188 279 2217 et
306 2184 463 2217 Orientis
492 2190 620 2229 partes,
636 2185 865 2220 Constantem
882 2187 1030 2228 Cretam,
1054 2187 1205 2220 Africam
1233 2191 1270 2219 et
1292 2186 1481 2229 Illyricum,
1506 2185 1683 2219 Constan-

242 2230 356 2263 tinum
382 2231 614 2273 occidentem,
642 2234 702 2277 qui
727 2233 770 2265 ad
794 2234 972 2266 Oceanum
1000 2239 1147 2278 spectat.

329 2278 564 2311 Constantino
592 2290 698 2323 quum
724 2291 742 2311 a
768 2276 900 2322 graecis
925 2280 1148 2326 philosophis
1174 2280 1458 2320 malediceretur,
1483 2278 1580 2324 quod
1606 2289 1682 2312 non

243 2323 335 2356 bene
361 2324 513 2365 faceret,
552 2326 615 2370 qui
650 2331 807 2359 veterum
843 2329 1078 2360 Romanorum
1114 2339 1231 2370 regum
1270 2338 1382 2359 mores
1417 2327 1616 2369 negligeret
1643 2330 1683 2359 et

242 2381 410 2404 novarum
435 2382 550 2404 rerum
577 2372 757 2405 studiosus
779 2373 926 2406 deorum
953 2375 1086 2407 cultum
1111 2379 1301 2415 mutasset;
1330 2373 1441 2405 visum
1467 2378 1520 2405 est
1543 2373 1575 2405 ei
1599 2371 1682 2417 phi-

243 2416 472 2462 losophorum
498 2429 607 2451 unum
644 2430 721 2452 cnm
746 2419 966 2463 Alexandro,
990 2421 1148 2465 Byzantii
1181 2422 1366 2465 episcopo,
1392 2419 1435 2452 de
1459 2419 1530 2452 fide
1555 2418 1680 2464 dispu-

243 2469 338 2506 tare3
362 2465 421 2497 hic
445 2465 646 2499 Alexander
667 2468 867 2511 patriarcha
888 2468 955 2501 fuit
979 2469 1045 2501 sub
1074 2468 1143 2501 fine
1169 2466 1391 2501 Constantini
1420 2467 1536 2509 magni
1563 2467 1680 2510 impe-

244 2510 298 2541 rii.
348 2512 508 2544 oratione
539 2524 609 2545 non
645 2513 787 2546 valebat
811 2515 1023 2555 Alexander,
1054 2515 1092 2547 in
1117 2515 1242 2548 ceteris
1267 2520 1384 2546 autem
1411 2513 1515 2545 rebus
1535 2513 1680 2546 divinus

244 2562 330 2589 erat.
379 2558 636 2602 disputationis
664 2559 721 2593 die
746 2559 963 2605 philosopho
991 2562 1103 2596 dixit:
1127 2561 1298 2595 “nomine
1325 2561 1403 2592 Iesu
1416 2560 1546 2593 Christi
1571 2560 1679 2592 iubeo

243 2607 278 2634 te
304 2607 419 2637 tacere
437 2617 556 2651 neque
575 2606 709 2651 loqui.'’
735 2608 851 2641 statim
876 2609 940 2641 ille
964 2609 1138 2642 conticuit
1154 2614 1190 2642 et
1214 2613 1333 2640 mutus
1350 2609 1489 2640 mansit.
1512 2607 1678 2645 Eusebio,

241 2648 414 2695 Pamphili
438 2653 536 2693 filio,
574 2652 757 2689 mandavit
779 2654 1033 2690 Constantinus
1058 2656 1195 2690 ratione
1221 2654 1448 2690 ecclesiarum
1473 2653 1678 2688 Constanti·-
