1806 3158
287 145 351 190 32
683 129 902 203 [Li-‚oms
940 127 1315 200 GRAMMATIOEJ

284 244 503 302 σκευάσας,
525 249 582 305 τῷ
607 245 804 302 ἑνδεκάτῳ
831 244 915 286 ἔτει
939 247 1009 299 τῆς
1033 246 1167 298 α’ρχῆς
1193 246 1327 286 αύτοῦ
1349 243 1550 304 α’φιεροῖ..
1585 244 1706 300 ἱερά-

283 329 375 356 τευε
402 315 447 356 δὲ
474 315 545 356 ἐπὶ
585 312 730 355 τούτου
769 311 940 362 Σαδώκ,
969 309 1040 351 καί
1073 309 1355 364 προεφήτευον
1397 309 1548 353 Νάθαν
1585 311 1606 354 ὁ
1633 310 1706 366 τὴν

283 378 503 432 οἰκοδομὴν
540 377 666 420 αὖτόν
707 377 782 418 τοῦ
823 374 940 428 ἱεροῦ
977 375 1234 430 ποιήσασθαι
1275 376 1606 430 παραθαρσύνας
1635 380 1708 419 καί

280 443 447 498 Ἀχιάμ
482 441 504 484 ὅ
544 440 763 495 Σιλωνίτης
801 439 874 481 καί
905 443 1072 494 Σαμὲας
1108 439 1199 489 υἱὸς
1235 441 1414 495 Σαλαμῆ
1443 444 1516 482 καί
1539 442 1704 484 'Adam'-

279 510 353 563 τήν
381 525 426 551 τε
451 505 748 563 στρατιωτικὴν
778 507 955 558 δύναμιν
990 505 1264 560 ἐγχειρίζεται
1290 506 1455 555 Βανὲας
1491 505 1582 556 υἱὸς
1609 508 1738 555 ’Im-5

279 577 370 617 δαέ.
427 571 557 629 τούτῳ
587 575 741 626 γίνεται
779 569 904 624 μόνος
944 572 988 612 ἐκ
1031 570 1231 612 τοσούτου
1268 573 1474 625 γυναικῶν
1518 569 1704 626 πλήθους

279 639 371 689 υἱὸς
401 637 593 691 Ῥοβοάμ.
649 636 779 679 πολλοὶ
810 635 1028 691 πονὴματα
1049 637 1265 691 ἐγγράφως
1290 637 1483 692 τέθεικεν,
1503 635 1610 678 cinei
1633 636 1707 690 καί

277 703 440 761 ἐπῳδὰς
464 705 537 744 καί
562 699 829 755 ἐξορκισμοὺς
857 702 958 743 κατὰ
987 699 1195 754 δαιμόνων
1231 699 1466 756 ἐπενόησεν,
1495 698 1564 751 αἶς
1588 702 1704 758 χρώ-

274 770 395 823 μενοί
433 783 537 815 τινες
561 767 793 819 Ἰουδαῖοι,
834 766 1053 808 δακτύλιόν
1091 782 1182 808 τινα
1221 764 1365 820 ἔχοντα
1393 768 1607 821 σφραγῖδα
1632 769 1705 808 καί

275 836 395 891 ῥίζαν
421 835 464 885 ἐξ
491 828 550 874 ὧν
583 830 770 882 ὑπέδειξε
809 833 1007 883 Σολομῶν
1041 833 1084 872 ἑν
1112 834 1159 888 τῇ
1199 829 1287 884 ῥινί
1311 831 1492 881 τιθέντες
1521 834 1595 881 τοῦ
1624 831 1700 874 πά-
1715 843 1759 879 10

273 915 455 954 σχόντος,
484 897 810 954 ὄσφραινόμενον
838 895 884 938 τὸ
916 896 1126 948 δαιμόνιον
1159 898 1411 951 ἐξέλκεσθαι,
1439 897 1612 951 σημείου
1639 914 1700 940 τι-

273 967 445 1018 θεμένου
473 959 498 1019 ἢ
519 964 716 1017 ποτηρίου
741 964 896 1014 μεστοῦ
935 958 1088 1010 ὕδατος
1119 957 1145 1015 ἢ
1173 959 1315 1016 ἑτέρου
1340 960 1448 1011 τινὸς
1474 961 1653 1019 α’γγείου,
1679 961 1702 1008 ὃ

273 1029 432 1079 πάντως
462 1031 675 1083 συνέτριβε
718 1031 874 1084 φεῦγον
902 1025 948 1068 τὸ
977 1025 1208 1079 δαιμόνιον.
1267 1025 1372 1068 κατὰ
1402 1027 1576 1077 τούτους
1605 1027 1702 1078 τούς

269 1095 445 1150 χρόνους
460 1093 639 1149 Ὅμηρος
666 1097 738 1135 καί
755 1092 950 1141 ζΗσίοδος
978 1094 1232 1147 ἑγνωρίζετο.
1262 1088 1263 1091 “

371 1158 554 1214 Ῥοβοάμ
579 1158 672 1208 υἱὸς
697 1161 956 1211 Σολομῶντος
996 1158 1213 1209 βασιλεύει
1240 1157 1308 1213 ἔτη
1339 1156 1404 1213 ιη’.
1460 1158 1530 1200 ε’πί
1554 1155 1698 1201 τούτου
1713 1172 1755 1206 15

270 1226 315 1268 τὸ
346 1229 428 1269 πᾶν
451 1229 525 1268 τοῦ
563 1227 667 1266 λαοῦ
713 1228 872 1280 πλῆθος
910 1225 1155 1277 διαιρεῖται·
1220 1226 1290 1265 καί
1335 1220 1447 1280 ainsi
1487 1224 1564 1276 μὲν
1601 1224 1628 1278 ἦ
1656 1226 1700 1275 ἐξ

265 1292 410 1334 Ἰούδα
453 1294 681 1346 παραμένει
729 1289 841 1346 φυλή
878 1289 950 1331 καί
989 1289 1012 1342 ἡ
1051 1291 1124 1330 τοῦ
1151 1291 1377 1344 Βενιαμίν,
1409 1287 1452 1330 αἱ
1483 1291 1528 1330 δὲ
1557 1292 1703 1331 λοιπαί

269 1360 399 1399 πᾶσαι
428 1355 474 1399 αἱ
505 1359 602 1398 δέκα
642 1357 776 1411 φυλαί
796 1352 1021 1408 Ἱεροβοοὶμ
1064 1352 1136 1396 τὸν
1178 1357 1253 1395 τοῦ
1284 1354 1456 1408 Ναβάτ,
1491 1356 1536 1395 ἐκ
1563 1357 1699 1411 φυλῆς

264 1421 455 1478 Ἐφραίμ,
483 1422 556 1464 ἕνα
595 1423 678 1464 τῶν
708 1422 948 1473 Σολομῶνος
986 1419 1155 1473 οἰκείων,
1185 1417 1344 1460 ἑαυτῶν
1369 1422 1544 1473 βασίλειι
1575 1435 1698 1475 προε-

270 1489 485 1544 στήσαντο.
551 1484 602 1542 ἧν
627 1488 703 1540 μὲν
729 1480 804 1528 οὖν
831 1488 889 1544 τῷ
915 1484 1097 1538 Ῥοβοάμ
1130 1482 1151 1524 ὃ
1181 1487 1254 1539 τῆς
1279 1486 1490 1538 βασιλείας
1519 1481 1626 1534 οἶκος
1652 1488 1696 1527 ἐν
1707 1494 1754 1529 20

263 1552 553 1608 Ἰερουσαλήμ,
574 1554 757 1594 ἐκαλεῖτο
776 1553 821 1592 δὲ
840 1550 885 1592 τὸ
908 1551 977 1591 ὑπ’
996 1548 1124 1591 αὐτὸν
1143 1547 1383 1601 ταττόμενον
1401 1552 1556 1605 πλῆθος
1584 1548 1696 1594 Ἰού-

270 1620 345 1667 δας
374 1621 443 1660 καί
472 1616 494 1658 ὃ
524 1615 631 1666 οἶκος
655 1618 807 1671 Δαβίδ,
837 1617 882 1657 ἐκ
923 1617 995 1668 τῆς
1039 1617 1380 1669 ἑπικρατεστέρας
1421 1617 1557 1671 φυλῆς
1584 1617 1694 1671 εἰλη-

269 1682 360 1739 φώς
388 1682 460 1739 τήν
495 1683 782 1738 προσηγορίαν.
851 1682 927 1723 τοῦ
963 1682 1008 1722 δὲ
1042 1677 1267 1734 Ἱεροβοάμ
1304 1679 1522 1737 Σαμάρεια
1563 1683 1640 1735 μὲν
1666 1681 1693 1737 ἧ

357 1816 414 1850 21.
441 1813 482 1852 τὸ
509 1827 566 1850 om
590 1816 617 1849 C
769 1813 882 1850 αὐτοῦ
905 1814 932 1847 C

267 1941 479 1974 ministravit
503 1938 634 1981 Sadok,
659 1937 886 1984 prophetavit
909 1936 1061 1977 Nathan,
1099 1938 1159 1982 qui
1186 1937 1308 1982 templi
1333 1936 1542 1971 aedificandi
1569 1937 1691 1972 horta·

267 1993 323 2021 tor
347 1988 476 2027 fuerat,
500 1986 642 2019 Achiam
679 1991 859 2030 praeterea
889 1985 1058 2017 Sinonites
1095 1990 1131 2017 et
1161 1985 1319 2024 Same-¹13,
1352 1985 1488 2018 Saia-ue
1527 1985 1632 2026 filius,
1656 1991 1694 2019 et

267 2034 392 2078 Ad1103
419 2033 588 2066 exercitui
631 2033 850 2076 praepositus
875 2036 928 2064 est
956 2032 1110 2070 Baneas,
1137 2031 1243 2063 Indae
1269 2031 1373 2063 filius.
1420 2030 1503 2063 huic
1527 2042 1568 2064 ex
1593 2037 1692 2066 tanta

266 2081 454 2114 mulierum
479 2078 721 2118 multitudiue,
748 2090 837 2111 unus
864 2083 999 2111 tantum
1024 2078 1119 2110 filius
1143 2083 1245 2110 natus
1272 2082 1326 2110 est
1341 2076 1531 2110 Rhoboam.
1578 2079 1691 2112 multa

266 2128 395 2172 scripta
420 2127 567 2172 reliquit
602 2126 778 2170 etiamque
819 2125 1075 2157 incantationes
1110 2128 1145 2156 et
1181 2124 1391 2157 exorcismos
1433 2130 1554 2157 contra
1577 2125 1690 2158 malos

265 2174 408 2219 spiritus
435 2173 665 2216 excogitavit,
705 2171 835 2217 quibus
859 2176 1006 2204 utuntur
1032 2170 1238 2203 ludaeorum
1265 2170 1422 2215 quidam,
1446 2170 1629 2212 annulum,
1652 2171 1690 2204 in

265 2231 337 2266 quo
374 2225 428 2253 est
464 2221 638 2264 sigillum,
674 2223 710 2251 et
744 2217 912 2257 radicem,
946 2223 983 2251 ut
1005 2217 1173 2250 docuerat
1209 2217 1395 2255 Solonion,
1425 2215 1460 2248 in
1492 2228 1592 2250 nares
1628 2228 1690 2250 ae-

266 2267 356 2310 groti
380 2272 564 2311 ponentes,
589 2271 627 2298 ut
651 2265 806 2298 sentiens
842 2265 984 2309 spiritus
1025 2263 1194 2303 eiiciatur,
1229 2263 1326 2306 signo
1352 2261 1512 2296 adhibito
1537 2264 1594 2296 vel
1621 2275 1688 2308 po-

264 2314 344 2346 culo
371 2324 462 2358 aqua
485 2313 605 2358 pleno,
640 2312 696 2344 vel
721 2311 790 2344 alio
816 2322 908 2351 vase,
941 2322 1012 2356 quo
1036 2310 1173 2353 fugiens
1199 2310 1341 2354 spiritus
1367 2309 1472 2354 plane
1499 2309 1690 2343 contundi-

266 2365 332 2394 tur.
381 2359 436 2393 his
460 2357 676 2404 temporibus
705 2359 875 2390 Homerus
900 2363 935 2390 et
959 2356 1132 2390 Hesiodus
1157 2355 1360 2388 floruerunt.

357 2406 551 2446 Rhoboam,
577 2405 791 2438 Solomontis
818 2405 922 2443 filius,
951 2415 1062 2437 annos
1087 2403 1245 2446 regnavit
1270 2401 1328 2443 183
1352 2400 1416 2434 sub
1440 2400 1506 2433 hoc
1533 2401 1689 2447 populus

267 2452 400 2485 divisus
427 2458 499 2495 est3
531 2452 601 2497 ipsi
643 2456 886 2483 remanserunt
914 2451 1002 2483 Iuda
1037 2454 1074 2482 et
1105 2449 1282 2481 Beniamin
1309 2448 1434 2490 tribus;
1459 2448 1619 2493 reliquae
1644 2447 1688 2481 10

270 2510 391 2532 omnes
414 2497 638 2538 Hieroboam,
654 2497 770 2531 Nabat
794 2497 917 2538 filium,
942 2509 984 2531 ex
1008 2496 1171 2542 Ephraim
1195 2495 1300 2534 tribu,
1329 2506 1435 2527 unum
1465 2494 1688 2528 eSolomon-

269 2546 315 2578 tis
346 2545 591 2586 familiaribus,
617 2555 732 2588 regem
759 2543 827 2576 sibi
854 2545 1123 2577 constituerunt.
1172 2542 1241 2575 fuit
1270 2540 1450 2573 Rhoboam
1473 2541 1562 2584 regis
1586 2540 1688 2574 sedes

273 2592 550 2635 Hierosolymis3
572 2591 725 2636 populus
751 2591 783 2623 ei
809 2589 985 2623 subiectus
1010 2589 1111 2623 ludas
1137 2587 1383 2622 nominabatur
1406 2593 1442 2620 et
1465 2586 1590 2620 domus
1615 2587 1688 2619 Da-

272 2637 373 2678 vidis,
396 2639 537 2671 nomine
562 2649 582 2670 a
609 2637 788 2683 superiore
813 2636 906 2669 tribu
932 2642 1083 2681 sumpto.
1133 2634 1229 2679 regni
1255 2633 1467 2666 Hieroboam
1491 2638 1598 2678 caput
1618 2633 1689 2666 fuit

271 2684 445 2728 Samaria;
481 2684 637 2719 Thersae
670 2688 785 2717 autem
819 2683 942 2716 domus
986 2683 1095 2727 regia5
1137 2681 1259 2715 altaria
1295 2681 1436 2714 fuerunt
1470 2679 1552 2721 duo,
1578 2690 1687 2712 tinum
