1838 3132
357 127 428 166 DE
451 123 854 166 THESSALONRCA
881 124 917 164 A
945 124 1150 165 LATmls
1176 122 1366 164 CAPTA.
1483 102 1579 151 477

139 228 215 276 τὰς
243 225 424 280 οἰκήσεις
450 227 520 280 τῆς
548 226 728 280 πόλεως,
758 224 829 272 τὰς
855 226 933 276 μὲν
962 225 1132 277 μείζους
1162 221 1266 265 κατὰ
1298 220 1486 279 κεφαλὰς
1514 221 1586 265 καί

140 288 231 333 ὅσοι
258 294 358 344 περὶ
391 292 550 346 αύτάς,
595 289 672 339 τὰς
718 291 764 332 δὲ
791 287 982 338 ἐλάττους
1019 287 1127 330 κατά
1155 305 1271 338 τινας
1294 286 1387 337 ἴλας
1416 284 1584 341 ἑτέρας,

141 354 261 405 ὅσαις
304 354 353 411 ἦν
390 355 627 410 σύμμετρον
660 354 706 398 τὸ
752 356 985 407 κατάλυμα.
1051 356 1123 396 καί
1160 354 1205 397 τό
1239 356 1434 397 ἐντεῦθεν
1462 353 1585 396 αὐτοὶ

140 425 217 475 μὲν
247 419 354 477 ἦσαν
383 422 506 465 οἴκων
531 421 654 478 εἴσω,
685 421 730 464 τὸ
765 423 809 463 δὲ
852 419 1064 462 πολιτικὸν
1092 417 1205 464 ἅπαν
1232 420 1428 475 σύστημα
1458 421 1586 462 ἐπλά-

108 491 262 542 5ζετο,
305 490 349 531 ἐν
377 484 438 537 οἷς
468 490 540 530 καί
570 488 700 543 ἡμεῖς.
775 490 849 528 καί
876 486 920 529 τό
962 490 1040 539 μὲν
1067 485 1284 541 βάρβαρον
1311 487 1479 539 ἐνέμετο
1510 484 1586 535 τὰς

140 557 203 597 ἐπ’
234 554 356 597 οἴκων
381 556 578 606 ἐνθέσεις,
608 554 646 595 οἱ
675 555 720 595 δὲ
751 553 1039 595 οἷκοδεσπόται
1069 550 1327 607 οἷπελήλαντο
1355 551 1427 594 καί
1447 566 1583 606 περιε-

141 618 316 662 νόστουν
345 614 428 662 ὦδε
457 622 580 661 κοῖκεῖ
602 622 819 670 πεινῶντες
842 621 1046 672 διψῶντες
1075 618 1293 675 ῥιγοῦντες,
1320 614 1384 660 ὅτι
1411 620 1482 661 καί
1508 633 1585 672 yv-

139 687 248 738 μνοί.
305 687 377 727 καί
417 685 506 727 εἴθε
542 686 620 738 μὲν
646 687 818 740 γυμνοί,
847 684 904 733 ὥς
931 679 981 726 ἄν
1009 699 1090 725 που
1122 682 1195 725 καὶ
1221 685 1400 726 ἕλεοῖντο
1427 686 1474 726 ἐκ
1501 685 1586 725 τῶν

139 751 471 806 γυμνωσάντων·
544 753 617 794 νῦν
657 752 704 793 δὲ
731 751 1001 808 σοφιζόμενοι
1034 749 1108 805 τὴν
1138 748 1305 792 ἔνδυσιν
1335 748 1404 792 διὰ
1433 749 1478 792 τὸ
1509 745 1588 792 ἅλ-

87 828 129 862 10
141 821 222 867 λως
252 818 339 859 κατ’
373 813 474 870 ὄψιν
504 816 682 872 αἰσχρὸν
711 817 784 858 οὐκ
815 813 927 871 εἶχον
946 814 1070 869 ἔλεον,
1102 810 1164 866 οἷς
1191 818 1265 870 τῆς
1283 814 1462 871 α’νάγκης
1490 814 1588 858 ἐκοί-

139 883 290 939 στῳ,εἰ
306 882 380 924 καὶ
405 879 596 936 ἅναλλον,
625 879 715 925 ἄλλ’
748 879 822 924 οὖν
841 881 933 924 τινὰ
961 881 1115 937 στολήν
1132 880 1405 938 α’φοσιούσης,
1440 878 1589 924 ὄποιἀν

139 946 242 990 ἰδών
272 947 293 989 ὅ
332 951 411 1000 μὲν
439 947 518 1000 ἔξω
552 951 731 997 πένθους
760 948 931 1003 γελάσω
966 944 1020 989 ἂν
1047 945 1118 989 διὰ
1149 947 1192 990 τό
1222 946 1535 1003 σκηνικώτερον,
1564 946 1587 988 o‘

141 1016 188 1056 δὲ
215 1015 539 1069 συγγεγευμένος
579 1016 655 1056 τοῦ
695 1015 860 1063 πάθους
896 1015 972 1055 οὐκ
1014 1008 1067 1054 ἂν
1109 1011 1276 1067 ὀκνήσοι
1302 1012 1361 1068 μὴ
1394 1015 1587 1056 ἐκθανεῖν

139 1078 408 1133 λυπούμενος.
477 1077 682 1136 ἐτρόπησέ
708 1096 772 1129 τις
809 1082 983 1134 ψιάθον,
1008 1081 1082 1121 καί
1108 1079 1435 1133 περιβαλόμενος
1466 1077 1586 1133 ἔκρῡ-
1597 1091 1668 1126 298
1726 1089 1730 1092 ·

87 1156 129 1190 15
141 1161 215 1188 πτε
246 1145 366 1199 μόγις
389 1144 466 1201 τήν
494 1145 705 1199 προσθίαν
730 1148 945 1202 αἰσχύνην,
976 1146 1050 1188 καί
1074 1143 1217 1201 ἠγάπα
1250 1141 1359 1186 οὕτω
1387 1142 1586 1198 καλυψά-

138 1227 270 1267 μενος,
300 1211 515 1265 εὐδαίμων
544 1212 674 1261 αὐτὸς
708 1214 756 1268 τῇ
794 1211 899 1265 πρὸς
939 1209 1107 1266 ἑτέρους
1133 1211 1382 1267 παραβολῇ,
1410 1208 1502 1253 ὅσοι
1535 1210 1582 1253 τὸ

139 1277 243 1321 κατὰ
281 1284 406 1333 χεῖρα
444 1281 574 1333 θέναρ
612 1280 685 1319 καί
727 1276 778 1319 τὰ
825 1277 1008 1320 &duvia
1051 1276 1163 1319 καθά
1190 1293 1228 1319 τι
1274 1279 1584 1331 παραπέτασμα

139 1346 413 1400 προθέμενοι,
442 1345 514 1385 καί
541 1343 793 1398 κρύπτοντες
819 1339 924 1399 ἅπερ
956 1344 1096 1399 ἐχρῆν,
1129 1342 1342 1397 ἠρκοῦντο,
1370 1341 1427 1398 μή
1459 1340 1583 1396 ἔχον-

140 1426 209 1460 τες
240 1408 262 1451 ὅ
291 1427 331 1452 τι
374 1411 499 1452 πλέον
535 1408 754 1463 δράσουσι,
828 1409 900 1451 καί
942 1403 991 1464 ἦν
1024 1411 1103 1462 μὲν
1143 1412 1212 1451 καί
1253 1407 1357 1451 αιῖτὸ
1403 1410 1457 1450 ου’
1480 1411 1585 1459 θέας

83 1480 130 1515 20
143 1470 280 1526 ἅξιοιν
336 1478 376 1519 εἰ
418 1477 464 1517 δὲ
500 1478 571 1517 καί
597 1482 789 1530 γυναῖκες
816 1478 890 1518 τοῦ
922 1474 1085 1524 πάθους
1109 1474 1353 1517 ἐκοινώνουν
1375 1477 1518 1531 τοῦδε,
1546 1474 1594 1517 τί

141 1541 193 1598 δὴ
225 1541 410 1595 ἔλαμπεν
443 1539 561 1597 ἥλιος
591 1543 647 1590 ὠς
675 1543 747 1583 καί
770 1543 943 1584 τοιαῦτα
970 1542 1187 1593 καθορᾶν;
1231 1541 1322 1583 ἀλλ’
1352 1539 1482 1589 αὐτὸς
1506 1542 1587 1593 μὲν

139 1605 250 1663 εἶχεν
277 1604 412 1657 ἄλλως
439 1608 738 1650 ἑνδείκνυσθαί
750 1624 786 1649 τι
816 1606 952 1660 καλόν,
978 1609 1185 1662 ἐκτρέπων
1211 1604 1310 1656 τούς
1328 1606 1475 1656 αὐταῖς
1493 1607 1587 1648 ἑνν-

141 1675 383 1731 βρίζοντας·
414 1673 437 1715 ὅ
471 1676 517 1716 δὲ
547 1672 676 1716 ἐπιών
704 1673 876 1728 ἕσπερος
902 1672 1101 1715 πάνδεινα
1133 1674 1280 1727 ἐποίει,
1308 1671 1455 1714 σκότον
1482 1687 1589 1728 προ-

144 1807 237 1842 quae
261 1802 431 1830 terrorem
459 1797 628 1837 facerent,
653 1801 690 1830 et
713 1796 903 1841 aspernati,
931 1806 1035 1840 porro
1054 1795 1120 1828 sub
1143 1794 1225 1828 divo
1250 1794 1390 1835 cubare,
1413 1794 1587 1840 impleve-

146 1850 230 1877 runt
256 1843 438 1889 intrepide
468 1844 590 1876 domos
619 1843 729 1884 urbis,
755 1849 790 1876 et
814 1854 955 1887 magnas
984 1841 1127 1887 quidem
1155 1842 1287 1886 singuli
1310 1841 1482 1886 primores
1507 1852 1587 1874 cum

145 1890 358 1932 comitibus,
394 1891 536 1934 exiguas
579 1891 799 1936 promiscuae
840 1895 1036 1922 ceterorum
1073 1894 1255 1929 catervae,
1301 1893 1451 1933 quantas
1492 1893 1588 1922 tecta

144 1943 324 1983 caperent.
388 1937 474 1970 inde
509 1937 565 1969 illi
603 1937 640 1969 in
668 1936 830 1970 domibus
858 1935 1091 1975 habitabant,
1115 1935 1229 1968 omnis
1263 1935 1367 1968 turba
1392 1934 1522 1967 civium
1547 1935 1586 1969 in

144 1985 275 2030 quibus
319 1995 383 2017 nos
419 1995 565 2030 quoque
591 1995 752 2023 eramus,
791 1981 1126 2026 circumvagabatur.
1177 1981 1319 2014 barbari
1348 1981 1586 2015 absumebant

145 2042 285 2065 omnem
313 2031 383 2064 cibi
419 2032 580 2076 copiam,
606 2030 743 2064 domini
774 2030 915 2075 expulsi
939 2028 1006 2062 hac
1028 2029 1112 2062 illac
1136 2028 1395 2069 circumibant,
1423 2029 1585 2062 esurien-

144 2084 216 2119 tes,
242 2078 424 2119 sitientes,
450 2079 627 2122 rigentes,
653 2078 788 2123 quippe
825 2077 888 2122 qui
927 2076 1033 2109 etiam
1070 2074 1168 2108 nude
1207 2081 1345 2109 essent:
1374 2075 1461 2121 quin
1493 2075 1584 2116 imo,

145 2126 281 2159 utinam
304 2125 392 2158 nudi
424 2125 595 2165 fuissent,
625 2136 696 2170 quo
734 2121 1013 2157 misericordiam
1054 2132 1198 2164 eorum,
1222 2123 1285 2168 qui
1310 2133 1369 2156 eos
1394 2121 1584 2163 nudarant,

145 2173 377 2214 excitasse11t3
405 2171 470 2205 sed
495 2172 660 2205 vestitum
693 2171 988 2215 excogitaverant,
1025 2181 1071 2203 ne
1097 2168 1250 2214 puderet
1275 2180 1313 2202 se
1336 2169 1492 2214 adspici,
1518 2180 1585 2203 nec

144 2219 336 2253 movebant
358 2218 647 2260 misericordiam,
672 2218 807 2264 quippe
831 2216 1044 2250 necessitate
1071 2216 1266 2262 unicuique
1283 2221 1430 2256 vestem,
1456 2216 1584 2250 etiam-

145 2267 173 2299 si
199 2267 352 2299 alienam
368 2293 377 2306 ,
404 2272 442 2299 at
466 2271 600 2300 vestem
629 2271 745 2299 tamen
771 2264 1044 2310 suppeditante,
1069 2274 1175 2309 quam
1199 2264 1230 2297 si
1255 2264 1334 2309 quis
1361 2263 1498 2296 videret
1522 2273 1585 2296 ex·-

145 2319 199 2346 tra
225 2313 361 2346 cladem
391 2314 626 2353 constitutus,
653 2314 783 2345 risurus
813 2317 888 2345 erat
920 2311 1092 2344 scenicam
1117 2311 1295 2356 speciem,
1322 2310 1384 2343 sed
1410 2311 1584 2344 miseriam

146 2366 182 2393 et
205 2361 282 2405 ipse
311 2366 475 2405 expertus
501 2360 561 2393 vix
597 2371 634 2393 se
666 2364 897 2392 contenturus
914 2383 923 2398 ,
950 2358 1140 2403 quominus
1176 2368 1261 2403 prae
1288 2356 1412 2390 dolore
1437 2357 1582 2402 periret.

145 2407 342 2451 perforavit
366 2407 497 2452 aliquis
535 2417 673 2440 saccum
699 2407 884 2446 iunceum,
912 2415 983 2450 quo
1017 2404 1243 2438 circumiecto
1270 2404 1329 2436 vix
1356 2409 1492 2448 tegeret
1518 2415 1584 2449 pu·-

147 2453 277 2494 denda,
302 2453 573 2499 laetabaturque
600 2465 641 2487 eo
657 2458 875 2498 tegumento,
894 2451 1036 2490 beatus,
1063 2452 1090 2484 si
1120 2462 1215 2485 suam
1241 2462 1317 2483 cum
1347 2451 1426 2484 aliis
1451 2456 1582 2484 sortem

146 2506 376 2545 compararet,
404 2501 466 2546 qui
491 2501 609 2545 palma
635 2512 758 2534 manus
784 2499 978 2545 digitisque
1002 2504 1168 2544 tanquam
1192 2498 1362 2543 operculo
1391 2498 1585 2543 praetentis

145 2547 312 2587 membra,
339 2558 428 2592 quae
444 2548 514 2592 tegi
540 2547 653 2589 decet,
682 2546 910 2592 obtegebant,
937 2557 1043 2591 quum
1067 2557 1140 2579 non
1158 2545 1340 2581 haberent.
1367 2544 1464 2590 quod
1478 2555 1585 2591 prae-

146 2600 244 2628 terea
269 2593 494 2628 adhiberent.
522 2594 688 2640 indignus
702 2605 788 2628 sane
814 2594 876 2627 ille
905 2592 1093 2638 adspectus
1119 2597 1216 2633 erat;
1240 2602 1349 2636 quum
1376 2602 1459 2625 vero
1480 2591 1584 2625 etiam

146 2653 230 2675 sane
258 2641 425 2674 mulieres
451 2642 527 2674 eius
551 2642 712 2675 miseriae
731 2640 920 2687 participes
943 2645 1073 2680 essent,
1091 2638 1177 2684 quid
1200 2638 1343 2672 tandem
1362 2638 1416 2672 sol
1440 2638 1585 2672 lucebat

148 2694 185 2722 et
213 2689 280 2722 ista
305 2688 495 2723 cernebat!
530 2688 592 2722 sed
619 2693 736 2722 tamen
766 2693 851 2728 erat,
877 2686 974 2733 quod
1002 2687 1066 2720 ille
1090 2685 1182 2720 bene
1209 2686 1352 2727 faceret,
1377 2684 1584 2732 dispellens,
