1838 3132
627 110 1119 155 cunomoempum.
1501 97 1592 150 137

779 216 955 259 Τιβέριος.
1133 199 1136 203 ’

254 289 445 343 Τιβέριος
478 291 750 344 ἐβασίλευσεν
783 287 852 346 ἔτη
881 293 1018 333 πέντε.
1083 283 1204 339 οὗτος
1230 283 1281 343 ἦν
1307 287 1386 344 τήν
1412 288 1492 342 μὲν
1519 289 1597 329 τοῦ

135 356 332 409 σώματος
370 355 617 411 ἀναδρομὴν
665 358 845 413 τέλειος,
885 353 1111 413 εὕστηθος,
1161 355 1401 409 εὕόμματός
1438 370 1483 397 τε
1525 353 1599 396 καί

134 422 274 474 ὀλίγον
298 419 586 477 ὖπόγλαυκος,
615 421 774 476 ’ξανθήν
816 421 926 476 ἔχων
953 421 1030 478 τήν
1058 425 1184 478 τρίχα
1212 423 1286 477 τῆς
1314 421 1500 478 κεφαλῆς
1526 418 1599 462 καί

100 485 184 528 5τὸ
223 490 400 542 γένειον,
438 487 587 536 λευκὸς
625 485 702 542 τήν
740 486 919 543 χροιάν,
951 487 1025 530 καὶ
1058 488 1103 530 τὸ
1136 486 1358 543 πρόσωπον
1395 483 1595 541 ἀνθηρός,

133 548 296 606 ἀγαθός
325 569 370 594 τε
401 553 472 594 καὶ
497 554 797 607 μεγαλόψυχος
817 554 876 602 εἷς
905 552 1157 609 ὑπερβολήν.
1211 555 1364 596 τούτου
1393 552 1597 595 ἀνελθόν-

133 635 202 668 τος
229 621 275 661 ὲν
305 621 363 675 τῷ
389 617 652 676 ἱπποδρομία)
688 617 870 674 ἔκραξαν
898 619 951 661 τά
980 622 1090 675 μέρη
1116 620 1313 674 ιιἴὸιιιμεεν,
1338 618 1494 673 ἴδωμεν
1519 617 1597 673 τὴν

132 685 386 739 Αιῖγούσταν
418 685 678 739 Ῥωμαίων.”
746 683 767 726 ὅ
796 687 843 728 δὲ
879 687 1087 741 ἐδήλωσεν
1127 686 1180 742 *ίῆ
1209 685 1380 741 ιῖντικρύ
1414 687 1491 727 τοῦ
1521 687 1595 742 δη-

129 752 281 802 μοσίου
311 751 496 806 λοετροῦ,
527 751 772 807 Διηγήσεως
801 753 1000 807 ἐκκλησία
1030 747 1140 794 οὖσα
1174 750 1397 805 ὁμώνυμός
1427 754 1518 794 ἐστι
1544 753 1597 807 τῇ

77 827 120 861 10
132 815 406 874 Αυ’γσύστῃ.”
460 815 713 874 εὐφήμησαν
749 814 826 861 οὖν
851 817 900 861 τά
930 818 1040 875 μέρη
1077 818 1388 869 ((Ἀναστασιάς
1418 814 1596 872 Αὖγού-

129 900 227 939 στης
255 883 387 926 πολλὰ
418 883 467 926 τὰ
496 882 614 940 ἔτη.”
670 881 696 940 ἦ
729 886 776 927 δὲ
803 887 942 942 Σοφία
974 886 1051 928 τοῦ
1076 885 1306 928 Ἰουστίνου
1330 883 1435 940 γυνή
1465 883 1591 939 ἐπλή-

128 967 180 1006 γη
210 949 284 1005 τὴν
311 949 482 1007 ψυχήν·
549 951 601 992 οὔ
630 951 712 1006 γὰρ
756 948 852 1009 ᾔδει
880 950 994 1006 ἔχειν
1042 951 1172 994 αὐτὸν
1199 957 1390 1007 γυναῖκα,
1419 950 1492 992 καί
1518 950 1590 992 διὰ

128 1019 250 1058 τοῦτο
278 1016 599 1074 προσεφιλιαίθη
645 1019 757 1075 αὐτῷ
785 1020 858 1060 ε’πί
886 1017 1109 1062 Ἰουστίνου
1126 1052 1137 1071 ,
1167 1021 1239 1060 καί
1266 1016 1432 1060 ἔπεισεν
1459 1017 1592 1059 αὐτὸν

128 1085 418 1138 προβαλέσθαι
441 1087 502 1135 εἰς
529 1087 708 1139 βασιλέα
739 1085 812 1129 τὸν
846 1088 1051 1141 Τιβέριον,
1092 1086 1325 1139 βουλομένη
1350 1086 1484 1139 γῆμαι
1514 1085 1593 1126 αν·-

74 1158 116 1191 15
129 1149 195 1193 τὸν
226 1151 300 1192 καί
324 1157 466 1205 μεῖναι
499 1151 771 1206 Αὖγούσταν.
823 1154 982 1208 ταύτην
1009 1153 1056 1195 δὲ
1085 1152 1291 1207 κατήγαγε
1312 1151 1503 1207 Τιβέριος
1533 1152 1594 1201 εἰς

126 1214 331 1259 παλάτιον
368 1218 416 1260 τό
453 1219 499 1261 ἐν
534 1220 590 1277 τῷ
622 1219 856 1262 Ἰουλιανοῦ
896 1221 1054 1275 λιμένι,
1083 1219 1282 1268 κελεύσας
1313 1221 1591 1272 κουβικουλα-

127 1284 247 1338 ρίους
276 1286 349 1325 καί
384 1281 552 1340 ἐτέρους
579 1285 697 1334 τινὰς
737 1280 845 1328 εἶναι
872 1287 934 1335 ἐἰς
972 1285 1209 1341 ὑπουργίαν
1239 1285 1371 1340 αὐτῆς
1397 1283 1472 1326 καί
1499 1285 1591 1325 δια-

126 1356 270 1405 τηρεῖν
298 1349 452 1405 αὐτήν·
510 1351 634 1405 ἐτίμα
675 1352 722 1393 δὲ
749 1349 882 1408 αὐτὴν
910 1348 983 1395 ἶσα
1010 1350 1153 1408 μητρί,
1182 1352 1316 1394 ποιῶν
1343 1352 1487 1393 πᾶσαν
1513 1353 1589 1392 θε-

129 1417 307 1472 ραπείαν
336 1416 481 1471 αὐτῆς.

71 1488 117 1523 20
243 1477 374 1533 Οὗτος
402 1482 540 1526 ἔκτισέ
567 1499 614 1526 τε
662 1486 735 1527 καί
769 1484 1057 1540 κατεκόσμησε
1093 1482 1168 1527 καὶ
1191 1483 1238 1526 td
1274 1481 1477 1540 δημόσιον
1504 1484 1589 1525 τῶν

128 1552 384 1603 Βλαχερναῖν
410 1549 606 1605 λοετρόν,
652 1550 725 1593 καί
750 1550 907 1601 πολλάς
936 1552 1157 1606 ἐκκλησίας
1185 1548 1259 1591 καὶ
1283 1551 1464 1601 ξενῶνας
1490 1548 1589 1590 ἅνε-

126 1619 292 1662 νὲωσεν.
350 1610 474 1666 οὗτος
516 1617 591 1657 καί
610 1615 684 1659 τόν
729 1615 946 1672 λεγόμενον
973 1617 1316 1672 χρυσοτρίκλινον
1347 1617 1392 1658 ἐν
1419 1617 1480 1673 τῷ
1508 1632 1590 1658 πα-

127 1684 255 1740 λατίῳ
283 1680 543 1739 ὲπεκόσμησέ
570 1699 617 1725 τε
645 1684 718 1726 καί
756 1681 1071 1740 κατελᾰμπρυνε
1101 1681 1173 1726 τὸν
1200 1682 1345 1739 πρώην
1372 1681 1453 1725 ὑπὸ
1477 1678 1588 1727 ’Iov-

221 1789 257 1823 9.
285 1791 511 1836 Διηγισῐέως
535 1789 720 1824 cedrenus

765 1897 947 1931 Tmssmus.

223 1977 394 2011 Tiberius
419 1978 579 2023 regnavit
607 1989 719 2011 annos
745 1978 779 2012 5.
829 1977 858 2011 is
890 1981 966 2011 erat
993 1977 1152 2022 corporis
1175 1975 1287 2022 figura
1311 1975 1416 2017 iusta,
1440 1979 1586 2021 pectore

130 2025 242 2065 firmo,
265 2026 380 2058 oculis
406 2025 545 2059 decoris
572 2031 608 2059 et
638 2026 800 2072 paullum
826 2025 1089 2067 subcaerulei83
1112 2024 1203 2057 flavo
1229 2023 1359 2069 capitis
1388 2027 1425 2056 et
1451 2021 1587 2056 barbae

130 2073 276 2118 capillo,
302 2073 420 2106 colore
441 2072 607 2114 candido,
633 2074 736 2106 vultu
753 2073 887 2117 vigens,
912 2072 1028 2106 bonus
1046 2077 1083 2105 et
1106 2072 1352 2116 magnanimus
1378 2081 1484 2116 quam
1508 2081 1588 2103 ma-

129 2121 236 2153 xime.
288 2120 316 2153 is
346 2132 454 2166 quum
495 2119 707 2167 procederet
743 2121 782 2153 in
807 2120 938 2153 circum
962 2124 1082 2165 partes
1113 2118 1332 2152 clamabant:
1363 2117 1587 2159 “videamus‚

130 2167 313 2201 videamus
338 2169 530 2212 Augustam
552 2168 828 2201 Romanorum.”
877 2167 939 2199 ille
966 2178 1049 2200 vero
1068 2165 1204 2200 edixit:
1232 2165 1410 2199 “ecclesia
1438 2165 1587 2211 publico

130 2213 262 2248 balneo
289 2215 447 2259 Diegesis
484 2227 528 2249 ex
549 2215 704 2248 adverso
745 2216 814 2248 sita
841 2225 1040 2258 cognomen
1064 2215 1245 2258 Augustae
1272 2212 1417 2246 habet.”
1466 2217 1588 2258 partes

130 2261 238 2305 igitur
265 2262 483 2296 clamarunt:
508 2263 741 2295 “Anastasiae
757 2264 934 2306 Augustae
961 2261 1047 2294 anni
1074 2262 1148 2294 sint
1170 2261 1311 2294 multi.’'
1339 2259 1496 2306 Sophiae
1521 2270 1589 2291 au-

130 2313 204 2342 tem
226 2309 354 2343 Iustini
383 2310 504 2343 uxoris
536 2311 693 2343 animum
730 2320 771 2344 ea
807 2319 860 2342 res
884 2308 1053 2354 perculit.
1101 2307 1287 2342 nesciebat
1301 2308 1408 2348 enim,
1437 2307 1470 2340 ei
1494 2316 1588 2339 uxo-

130 2366 204 2388 rem
232 2366 308 2389 esse
333 2367 446 2403 eaque
473 2357 517 2390 de
543 2368 647 2390 causa
679 2362 716 2390 et
745 2356 889 2389 favebat
916 2355 982 2389 sub
1006 2355 1143 2389 Iustino
1168 2361 1205 2389 et
1227 2355 1406 2401 persuasit
1424 2353 1520 2394 huic,
1546 2357 1589 2386 ut

131 2413 248 2446 regem
274 2410 491 2449 proponeret
530 2405 736 2445 Tiberium,
762 2414 907 2449 sperans
946 2413 983 2436 se
1013 2403 1048 2435 ei
1081 2409 1273 2448 nupturam
1317 2407 1355 2435 et
1393 2402 1586 2445 Augustam

129 2461 343 2483 mansuram.
392 2451 456 2484 sed
493 2450 585 2485 hanc
608 2451 778 2485 Tiberius
802 2449 954 2483 deduxit
990 2449 1028 2482 in
1054 2450 1228 2495 palatium
1255 2449 1294 2483 in
1319 2448 1451 2482 Iuliani
1479 2452 1586 2493 portu

130 2503 347 2530 exstructum
370 2504 406 2531 et
431 2498 671 2533 cubicularios
698 2510 776 2531 cum
801 2498 881 2531 aliis
905 2498 1091 2530 nonnullis
1119 2498 1153 2530 ei
1173 2497 1278 2530 iussit
1303 2496 1483 2529 ministros
1507 2505 1585 2527 esse

130 2550 168 2578 et
192 2544 371 2586 custodes,
399 2546 542 2580 colebat
566 2558 649 2579 vero
677 2558 754 2579 eam
781 2550 820 2578 ut
846 2550 1006 2584 matrem,
1032 2555 1171 2578 ornnem
1190 2545 1363 2577 honorem
1387 2542 1560 2576 tribuens.

223 2593 288 2625 Hic
314 2594 487 2626 exstruxit
513 2599 548 2627 et
578 2594 718 2627 ornavit
752 2592 936 2638 publicum
974 2592 1010 2625 in
1051 2591 1255 2624 Blachernis
1282 2590 1464 2630 balneum,
1488 2589 1584 2622 mul-

129 2644 255 2684 tasque
281 2640 448 2672 ecclesias
476 2646 513 2673 et
537 2640 740 2674 deversoria
767 2639 935 2672 restituit.
1001 2641 1029 2672 is
1053 2650 1200 2672 aureum
1225 2649 1372 2683 quoque
1401 2636 1499 2683 quod
1526 2635 1583 2668 di-

129 2686 222 2720 citur
245 2687 444 2730 triclinium
469 2689 610 2722 ornavit
634 2694 670 2722 et
697 2686 917 2733 composuit,
943 2685 1043 2732 quod
1066 2692 1173 2720 antea
1194 2697 1215 2719 a
1240 2686 1380 2719 Iustino
1405 2695 1424 2718 e
1450 2683 1582 2718 funda-
