1838 3132
317 136 388 178 DE
410 134 814 179 THESSALOMGA
839 133 876 178 A
901 133 1113 177 LATINIS
1138 132 1329 176 CAPTA.
1444 125 1547 175 455

106 236 229 292 ἡμᾶς,
257 234 328 277 καὶ
356 235 458 278 οὐδὲ
485 233 632 284 νυκτός
659 236 762 290 βέλη
791 234 970 284 ἀνιέντες
993 232 1063 276 διά
1087 235 1160 288 τῆς
1183 235 1379 288 μεγίστης
1405 249 1544 288 μηχα·

106 304 196 357 νῆς·
253 305 351 344 καθ’
378 296 429 356 ἧς
456 299 577 356 ἡμεῖς
615 299 865 355 λαλήσαντες
894 300 952 349 ὥς
979 302 1127 354 δεινῆς,
1157 298 1200 342 εἴ
1220 315 1308 350 πως
1336 301 1547 353 α’ποκρου-

106 369 230 422 σθειή
265 369 508 424 μηχανικῶς
533 369 610 408 τοῦ
637 369 733 408 καθ’
774 365 884 420 ἡμᾶς
910 367 1133 417 τείνεσθαι,
1174 367 1460 421 ἐσοφίσθημεν
1489 364 1549 413 εἰς

106 432 295 488 μάθησιν
321 435 365 483 ἐξ
394 431 559 487 α’γαθῆς
589 433 784 488 κεφαλῆς,
823 431 1075 480 α’κούσαντες
1106 431 1164 480 ὥς
1190 432 1309 479 πόλις
1337 433 1391 473 ἐκ»
1409 429 1549 472 τοιαύ-

74 506 181 555 5της
208 500 365 552 πέτρας
384 495 451 539 “οὖ
487 496 725 551 βλάπτεται.
781 497 827 538 τί
858 496 936 549 δές
969 496 1059 538 ἀλλ’
1097 497 1335 552 ω’φελεΐται,
1367 490 1403 538 ὦ
1431 496 1550 552 σοφὲ,

107 562 304 619 μηχανάς
330 564 590 614 ἐξουθενοῦν.
649 561 755 604 α’λλά
787 564 1042 606 συνίσταται.
1074 557 1227 604 οὔκουν
1243 562 1427 615 πάντως,·
1456 562 1553 602 ου’κ-

109 632 186 672 οὖν
222 627 270 672 τὸ
309 626 535 682 ἀνάπαλιν,
575 626 658 683 εἴγε
688 627 761 670 καί
802 630 1126 683 καταρριήτεται
1155 625 1265 670 οὕτω
1294 627 1344 671 τά
1375 626 1554 683 ἐρυμνό·

107 711 224 738 τατα.
292 693 461 747 εἴπομεν
484 694 603 748 ἡμεῖς
640 692 765 746 οὕτω,
797 694 867 737 καὶ
896 693 919 736 ό
948 693 1067 749 λόγος
1100 697 1192 751 εἰκῇ
1220 695 1453 749 ιέπέρρευσε
1485 694 1557 738 καί

111 759 246 812 αὐτός.

55 842 98 876 10
223 829 316 870 Koa*
343 829 523 869 ἐλύπουν
561 828 638 880 μὲν
671 826 746 882 τὴν
788 826 909 869 πόλιν
951 827 1024 869 καί
1050 826 1101 868 τοὶ
1139 826 1270 880 μικροὶ
1309 823 1632 880 πετροβόλα,292

110 889 218 936 οὕτω
244 894 388 944 δεξιαῖς
404 894 604 946 βάλλοντα
635 892 692 942 ὥς
713 895 786 934 καί
810 892 908 942 τούς
933 891 1120 946 μοδίους,
1152 893 1196 935 οἳ
1217 893 1371 934 πλοίων
1399 892 1555 940 ὀϊστοῖς

110 961 367 1012 ἐνδεδεμένοι
405 963 607 1013 μετέωροι
634 958 833 1015 ἔκρυπτον
875 958 994 1001 ἕνὸόν
1033 955 1189 1012 ἄνδρας
1219 957 1424 1007 εἰωθότας
1451 960 1555 1000 ἐκεῖ·

109 1029 185 1068 θεν
210 1027 495 1078 καταπέμπειν
509 1025 558 1067 τοὶ
579 1026 830 1078 βλάπτοντα,
860 1028 1047 1079 συνεχῶς
1079 1021 1260 1065 simmaa
1285 1023 1456 1076 βάλλειν
1484 1023 1556 1064 καί

111 1092 326 1145 κατακλᾶν,
352 1090 425 1132 καὶ
450 1092 591 1145 οἶγαῑνα
622 1092 822 1145 παρέχειν
840 1096 925 1140 τοῖς
944 1096 1157 1146 μαχηταῖς
1187 1092 1345 1132 ἐκεῖθεν
1374 1092 1555 1142 διεκχεῖ-

55 1172 97 1205 15
111 1159 216 1198 σθαι
243 1158 352 1197 κάτω
378 1160 450 1198 καί
487 1154 811 1212 περισώζεσθαι.
867 1151 976 1211 ἦσαν
1008 1158 1053 1199 δὲ
1081 1155 1131 1198 τοὶ
1161 1158 1336 1197 τοιαῦτα
1359 1155 1460 1197 aion*
1486 1157 1557 1196 καί

110 1224 212 1278 βέλη
241 1223 399 1277 νηπίων
429 1221 534 1278 πρὸς
571 1222 644 1277 τὴν
685 1224 846 1278 μητέρα
890 1221 1071 1277 μεγάλην
1102 1221 1298 1277 μηχανὴν
1339 1224 1556 1275 παραβαλ-

112 1288 284 1342 λόμενα,
328 1286 372 1330 εἴ
395 1304 437 1330 τι
472 1287 557 1343 χρὴ
586 1290 631 1330 ἐκ
671 1290 745 1330 τοῦ
774 1290 914 1344 σοφοῦ
952 1290 1184 1343 στρατηγοῦ
1231 1284 1496 1342 πορίσασθαί
1517 1302 1558 1326 τι

113 1352 271 1408 νόημα,
309 1350 354 1401 ὃς
392 1352 488 1403 τούς
525 1355 688 1396 ἐκεῖθεν
728 1355 1035 1409 ἐπαφιεμένους
1075 1356 1219 1401 λίθους
1262 1350 1453 1407 τεθηπώς
1480 1353 1557 1392 τοῦ

112 1418 267 1462 κτύπου
307 1414 461 1461 “cluave
488 1419 563 1475 τήν
587 1422 760 1474 γραΐαν”
787 1418 946 1474 ἔλεγεν,
973 1418 1144 1474 dna-9139
1179 1415 1287 1460 οὕτω
1318 1435 1354 1459 τι
1386 1418 1458 1458 καί
1482 1420 1556 1470 με’-

56 1499 102 1534 20
114 1500 226 1539 τριος
254 1479 325 1537 ὧν,
355 1484 428 1527 καί
455 1484 531 1540 τήν
557 1486 831 1541 θρεψαμένην
858 1491 990 1539 μαῖαν
1025 1481 1141 1536 οἶμαι
1167 1481 1457 1539 φαντάζεσθαι
1488 1484 1556 1524 δὀ-

113 1551 194 1592 κῶν
224 1552 540 1606 παθαινομένην
575 1553 640 1594 ἐπ’
680 1551 794 1610 αὐτῷ
823 1553 896 1593 καί
933 1552 1167 1592 κλαίουσαν.
1233 1549 1469 1600 λακωνίζων
1511 1550 1557 1589 δὲ

113 1617 186 1659 κατ’
215 1612 351 1667 ἄλλως
392 1619 546 1666 ἐκεῖνος
586 1616 660 1672 τήν
690 1616 871 1673 φράσιν,
899 1616 956 1665 ὥς
985 1619 1030 1659 ἐν
1057 1615 1328 1670 μεταποιήσει
1357 1615 1504 1668 κάμνει
1532 1613 1556 1668 ἦ

115 1761 196 1793 illos
223 1759 466 1805 nequidquam
491 1771 627 1793 murum
644 1759 826 1799 subruere,
852 1771 960 1806 quum
988 1759 1084 1793 intus
1110 1759 1201 1792 alius
1225 1763 1437 1802 exsurgeret.
1465 1769 1556 1803 quae

114 1807 220 1840 verba
246 1818 364 1840 rursus
404 1807 640 1840 calamitatem
664 1812 821 1840 nostram
860 1813 1046 1840 auxerunt.
1096 1817 1176 1838 nam
1202 1817 1311 1851 quum
1336 1817 1412 1837 rara
1439 1805 1557 1838 adhuc

115 1865 197 1887 saxa
223 1853 261 1886 in
288 1864 426 1886 murum
451 1855 707 1886 contorsissent
728 1852 947 1895 obsidentes,
971 1852 1057 1886 hinc
1081 1852 1151 1884 iam
1178 1852 1300 1885 crebra
1326 1851 1555 1897 torquebant,

114 1911 181 1934 nec
218 1900 375 1939 interdiu
412 1905 551 1933 tantum
587 1911 652 1933 nos
676 1900 876 1941 vexabant,
901 1899 964 1932 sed
998 1910 1044 1933 ne
1085 1905 1193 1932 noctu
1237 1898 1384 1944 quidem
1409 1898 1555 1931 iaculari

115 1947 301 1980 cessabant
341 1959 360 1980 e
384 1946 547 1980 machina
573 1947 637 1980 illa
665 1947 821 1990 ingenti:
864 1952 987 1980 contra
1014 1956 1119 1991 quam
1140 1957 1247 1991 quum
1274 1956 1338 1978 nos
1363 1950 1402 1978 ut
1427 1945 1557 1978 exitio-

115 2005 186 2027 sam
213 1993 496 2039 disputaremus,
533 1993 561 2027 si
588 1994 680 2027 forte
718 1993 883 2038 impediri
919 1998 1054 2039 posset,
1079 1993 1269 2038 quominus
1297 1991 1464 2024 adversus
1493 2003 1557 2024 nos

114 2041 330 2082 tenderetur,
356 2041 473 2074 edocti
491 2040 536 2072 ab
562 2041 746 2085 ingenioso
770 2040 914 2073 homine
932 2039 1132 2081 didicimus,
1157 2039 1279 2072 urbem
1298 2039 1362 2072 tali
1386 2050 1469 2071 saxo
1498 2039 1559 2071 ni-

114 2087 168 2120 hil
194 2087 299 2120 laedi.
348 2087 437 2133 quid
470 2087 603 2131 igitur?
650 2087 818 2120 conducit
843 2091 963 2127 certe,
989 2098 1009 2119 o
1037 2086 1145 2126 bone,
1172 2085 1352 2118 machinas
1379 2090 1557 2126 evertere5

115 2133 282 2167 conducit
314 2134 443 2167 hercle.
494 2146 614 2168 annon
650 2133 838 2175 conducit,
876 2131 1018 2179 quando
1049 2132 1265 2166 deiiciuntur
1304 2132 1409 2165 etiam
1435 2130 1560 2164 firmis-

115 2181 229 2215 sima?
277 2179 534 2226 disputavimus
562 2193 627 2215 nos
651 2182 712 2222 ita,
739 2187 848 2227 atque
871 2180 1045 2213 incassum
1073 2179 1163 2213 abiit
1188 2179 1302 2212 oratio
1330 2183 1464 2212 nostra.

209 2226 417 2262 Laedebant
454 2228 577 2261 urbem
617 2228 723 2261 etiam
751 2228 887 2260 minora
929 2226 1225 2267 machinamenta,
1253 2237 1345 2272 quae
1372 2226 1422 2258 ita
1452 2236 1556 2257 accu-

116 2280 191 2308 rate
215 2274 464 2308 iaculabantur
481 2299 491 2315 ‚
516 2281 556 2309 ut
585 2276 691 2308 etiam
718 2274 827 2315 dolia,
855 2285 946 2319 quae
983 2274 1125 2307 navium
1151 2273 1253 2306 malis
1279 2271 1446 2306 sublimia
1472 2271 1557 2304 alli-

117 2327 194 2366 gata
219 2322 312 2354 viros
342 2322 495 2355 inclusos
537 2321 740 2363 habebant,
768 2320 853 2355 inde
890 2321 964 2354 tela
997 2320 1172 2354 coniicere
1215 2320 1361 2359 solitos,
1389 2318 1559 2352 continuo
1592 2320 1594 2322 ’

118 2369 266 2400 ferirent
293 2373 330 2400 et
357 2367 640 2412 confr-angerent,
665 2374 701 2401 et
725 2368 922 2402 molestiam
952 2366 1163 2401 exhiberent
1188 2366 1383 2406 militibus,
1413 2370 1453 2398 ut
1474 2363 1559 2398 inde

118 2415 173 2448 illi
202 2414 322 2447 delabi
345 2421 382 2448 et
420 2415 525 2448 vitam
554 2426 692 2449 servare
717 2415 940 2449 festinarent.
1006 2419 1107 2448 erant
1131 2419 1248 2447 autem
1275 2413 1376 2459 quasi
1403 2412 1476 2445 tela
1502 2412 1559 2445 in-

120 2462 269 2494 fantium
289 2487 297 2500 .
333 2463 361 2495 si
388 2468 674 2507 compararentur
711 2474 789 2495 cum
830 2467 940 2494 matre
964 2460 1039 2502 illa,
1062 2471 1187 2505 magna
1213 2460 1386 2499 machina,
1415 2459 1444 2491 si
1474 2458 1579 2491 licet-

119 2507 257 2553 aliquid
283 2509 433 2542 mutuari
475 2521 494 2541 a
521 2508 609 2542 duce
634 2509 806 2554 sapiente,
832 2508 894 2553 qui
928 2506 1077 2541 demissa
1103 2507 1189 2540 inde
1214 2518 1295 2540 saxa
1321 2511 1358 2539 et
1383 2505 1557 2549 fragorem

121 2555 316 2588 admiratus
344 2554 474 2588 “audi”
500 2556 620 2601 inquit
642 2558 803 2596 “anu1n‚’'
842 2555 892 2588 ita
923 2555 1079 2600 quietem
1103 2565 1209 2598 agens
1236 2559 1272 2587 et
1295 2558 1440 2598 torpens
1468 2563 1560 2597 quo-

122 2601 325 2642 dammodo,
356 2608 394 2635 et
416 2607 575 2643 matrem,
603 2608 703 2648 puto,
732 2615 748 2635 a
770 2613 839 2647 qua
871 2602 1024 2635 nutritus
1050 2606 1137 2641 erat,
1161 2599 1228 2633 sibi
1254 2609 1424 2646 apparere
1452 2603 1560 2639 ratus,

122 2654 332 2694 querentem
372 2648 417 2682 de
443 2660 480 2682 se
512 2655 549 2683 et
582 2649 835 2683 lacrimantem.
887 2649 1063 2682 Laconico
1093 2647 1263 2681 sermonis
1297 2656 1429 2691 genere
1454 2645 1559 2679 etiam

124 2696 286 2741 alioquin
311 2697 363 2730 uti
389 2696 526 2736 solitus,
554 2695 646 2730 idem
666 2695 846 2742 quondam
873 2705 978 2730 anum
1003 2695 1040 2730 in
1062 2695 1261 2728 mutatione
1290 2692 1450 2726 laborare
1475 2703 1561 2726 voce
