1838 3132
605 125 1093 170 CHRoNoGnAPmA.
1461 98 1556 170 213

121 226 194 282 τὴν
209 223 291 267 miv
307 224 569 279 κρατούντων
596 228 842 281 δυσσέβειαν
864 227 936 269 καὶ
963 230 1184 270 ταπεινοῦν
1211 226 1282 270 καὶ
1309 227 1389 270 timi
1412 233 1559 282 χεῖραν

125 289 203 346 ἀφ’
228 285 289 332 ὧν
314 287 426 346 ἄγειν
465 291 517 333 τὰ
549 294 631 334 -ιιόν
658 296 924 346 Χριστιανῶν
963 292 1199 348 πράγματα.
1259 295 1302 335 ἐν
1330 292 1463 350 τούτῳ
1492 289 1560 334 ὅν-
1575 303 1619 335 23

121 373 206 399 ww
234 356 307 399 καί
334 353 442 399 οὕτω
476 361 559 400 τῶν
596 356 852 414 πραγμάτων
878 360 1172 416 διακειμένων,
1204 358 1383 414 Μιχαὴλ
1412 361 1457 402 ἐκ
1486 360 1562 401 dv..

121 425 298 479 σουρίας
326 427 398 466 καί
425 425 499 478 τῆς
525 427 605 467 τῶν
645 427 811 480 νεφρῶν
838 426 1058 480 ἀλγηδόνος
1084 429 1218 476 κακῶς
1246 423 1459 482 ἀπηλλάγη
1492 429 1563 467 τοῦ
1581 427 1615 459 P·
1632 426 1701 460 449

91 490 211 544 5ζῆν.
266 487 364 544 ἔσχε
393 491 440 532 δὲ
467 489 542 545 τήν
565 490 700 544 ἀρχὴν
728 492 817 532 ἀντ’
861 491 993 533 αΰτοῦ
1022 490 1231 549 Θεόφιλος
1261 491 1282 535 ὅ
1314 490 1400 542 υἱὸς
1432 492 1564 534 αὐτοῦ

120 554 224 610 μετὰ
251 557 326 611 τῆς
351 554 511 613 μητρὸς
536 555 672 599 αὐτοῦ
693 554 984 613 Εὕφροσύνης.

741 666 936 715 Θεόφιλος.

231 751 435 811 Θεόφιλος
473 756 740 808 ἐβασίλευσεν
787 755 856 813 ἔτη
883 756 949 811 ιβ’.
1015 758 1037 813 ἧ
1068 760 1113 802 δὲ
1138 760 1276 816 μητὴρ
1318 761 1448 803 αὐτοῦ
1479 762 1565 804 Ev'-

121 818 311 878 φροσύνη
337 819 620 864 ιῖποστείλασα
649 826 692 865 ἐν
709 826 814 865 πᾶσι
841 830 927 874 τοῖς
954 827 1135 878 θέᾸιιασιν
1163 822 1466 882 ἤγαγεν-κόρας
1492 829 1563 870 εὖ·

66 894 291 941 1οπρεπεῑς
329 887 433 942 πρὸς
472 888 518 930 τὸ
560 892 901 946 νυμφοστολῆσαι
946 891 1155 948 Θεόφιλον
1190 894 1262 935 τὸν
1300 894 1394 936 υἱὸν
1422 892 1564 950 αὐτῆς,

117 953 332 1008 ἀγαγοῦσα
362 954 495 1004 αὕτὰς
524 957 568 997 ἑν
593 957 649 1013 τῷ
678 957 867 1015 παλατίῳ
898 959 956 1007 εἰς
995 958 1067 1000 τὸν
1094 957 1310 1013 λεγόμενον
1338 959 1566 1014 Μαργαρί.
1583 969 1605 1001 Β

118 1037 193 1074 την
221 1019 450 1075 τρίκλινον,
486 1023 640 1063 δέδωκε
675 1024 868 1081 Θεοφίλῳ
894 1027 1081 1078 χρυσοῦν
1108 1028 1264 1080 μῆλον,
1291 1027 1466 1067 εἰποῦσα
1499 1023 1564 1066 ὅτι

117 1086 178 1135 εἰς
208 1084 259 1141 ἢν
285 1088 472 1144 dosa-9554
499 1089 641 1137 ἐπίδος
663 1090 784 1130 τοῦτο
814 1090 931 1146 αὐτῇ.
997 1084 1047 1145 ἦν
1076 1092 1122 1133 δὲ
1155 1107 1215 1139 τις
1242 1094 1284 1141 ἐξ
1312 1093 1490 1145 ειῖγενιόν
1521 1093 1565 1132 ἐν

119 1153 266 1202 αὐταῖς
294 1154 393 1210 κόρη
422 1152 600 1207 ὀνόματι
628 1155 806 1208 ’[κασιά,
835 1155 1072 1212 ὡραιοτάτη
1099 1156 1221 1211 πάνυ,
1253 1156 1301 1212 ἢν
1327 1159 1429 1199 ἰδών
1460 1156 1562 1200 Θεό-

64 1220 106 1254 15
118 1223 254 1274 φιλος,
287 1221 595 1276 ὑπεραγασθείς
614 1221 744 1276 αὐτὴν
773 1224 848 1264 τοῦ
874 1221 1061 1276 κάλλους,
1091 1221 1173 1279 ἔφη
1192 1223 1248 1272 ὥς
1275 1220 1359 1279 ἄρα
1388 1222 1458 1266 διὰ
1491 1242 1565 1278 γυ·-

117 1284 257 1336 ναικός
287 1284 419 1342 ἐρρύη
448 1287 498 1329 τὰ
531 1289 688 1344 φαῦλα.
719 1287 742 1343 ἦ
769 1289 816 1330 δὲ
845 1294 935 1341 μετ’
964 1291 1110 1338 αἰδοῦς
1129 1306 1217 1339 πως
1245 1293 1403 1346 οἶντέφη
1431 1289 1564 1332 “dam

117 1353 190 1394 διὰ
216 1352 413 1407 γυναικὸς
440 1351 612 1407 πηγάζει
633 1352 684 1395 τὰ
716 1356 970 1408 κρει’ττονα.”
1026 1353 1048 1396 ὅ
1078 1356 1123 1397 δὲ
1153 1357 1210 1412 τῷ
1236 1355 1340 1414 λόγῳ
1360 1356 1435 1411 τὴν
1460 1373 1566 1411 καρ-

117 1419 214 1460 δίαν
246 1419 414 1474 πληγείς
441 1418 597 1473 ταύτην
622 1422 700 1472 μὲν
728 1418 881 1473 εἴασεν,
909 1420 1133 1476 Θεοδώραν
1155 1423 1201 1463 δὲ
1230 1421 1276 1463 τὸ
1306 1425 1437 1478 μῆλον
1467 1425 1566 1465 ἑπέ-

120 1487 279 1536 δωκεν,
312 1482 416 1542 οἷῖσῃ
447 1489 490 1527 ἐκ
522 1486 831 1541 Παφλαγόνων.
902 1490 1045 1542 στέφει
1089 1489 1135 1529 δὲ
1165 1489 1389 1542 Θεοδώραν
1417 1490 1462 1531 ἐν
1490 1489 1563 1530 εὖ-

61 1558 107 1592 20
120 1555 270 1608 κτηρίῳ
299 1554 375 1593 τοῦ
419 1551 538 1605 ἁγιόυ
569 1551 812 1607 Στεφάνου,
844 1552 1044 1608 στεφθείς
1080 1555 1154 1595 καί
1181 1552 1310 1604 αὐτὸς
1339 1550 1427 1608 ἅμα
1455 1555 1564 1612 αὐτῇ

117 1616 198 1659 ὑπὸ
229 1618 445 1660 Ἀντωνίου
474 1619 750 1674 πατριάρχου.
806 1621 856 1675 τῇ
881 1619 976 1675 ἁγίᾳ
1005 1623 1256 1678 πεντηκοστῇ
1281 1624 1490 1677 προῆλθεν
1518 1623 1602 1664 ἐνῦ

120 1781 290 1821 ponente,
315 1776 418 1810 Creta
449 1776 567 1809 Sicilia
592 1782 628 1810 et
651 1776 789 1810 insulae
815 1782 961 1809 vocatae
986 1775 1156 1820 Cyclades
1182 1788 1202 1809 a
1228 1778 1384 1811 Romano
1408 1777 1558 1824 imperio

120 1826 286 1856 rescissae
320 1828 404 1856 sunt
437 1823 479 1855 ab
508 1824 598 1856 Afris
635 1829 671 1857 et
702 1823 891 1858 Arabihus.
948 1824 1032 1856 inde
1057 1825 1206 1869 primum
1248 1829 1392 1869 propter
1416 1831 1562 1871 peccata

119 1871 243 1915 populi
261 1876 297 1904 et
320 1870 537 1915 impietatem
558 1871 770 1917 principum,
789 1876 828 1904 ut
846 1871 992 1915 insuper
1009 1872 1165 1916 populus
1179 1871 1398 1905 Christianus
1417 1884 1562 1906 eorum-

119 1929 190 1963 que
215 1929 266 1950 res
291 1918 355 1950 sub
381 1917 660 1951 adversariorum
687 1929 793 1950 manu
831 1917 1117 1959 humiliarentur,
1146 1919 1280 1951 bellum
1307 1924 1468 1952 exortum
1497 1926 1563 1955 est.

121 1965 225 1998 rebus
249 1965 286 1998 in
312 1964 381 1997 hoc
405 1971 497 1998 statu
526 1965 651 2010 positis
668 1988 677 2004 ‚
705 1964 860 1998 Michael
889 1965 1010 1998 urinae
1036 1965 1243 1998 difficultate
1271 1977 1467 2010 renumque
1495 1966 1561 2000 do-

119 2011 196 2045 lore
219 2013 257 2046 in
284 2012 496 2046 cruciatibus
522 2013 627 2046 vitam
654 2012 780 2045 finivit.
819 2012 896 2045 eius
921 2023 1098 2047 successor
1113 2011 1336 2059 Theophilus
1360 2013 1455 2046 filius
1480 2025 1561 2048 cum

118 2065 229 2093 matre
253 2058 486 2105 Euphrosyna
507 2060 666 2106 suscepit
689 2059 891 2105 imperium.

722 2144 952 2178 Tnnox‘mws.

186 2223 411 2270 Theophilus
429 2235 540 2259 annos
556 2225 743 2260 duodecim
762 2225 960 2271 imperavit.
988 2224 1219 2271 Euphrosyna
1235 2237 1320 2260 vero
1336 2230 1449 2259 mater
1469 2226 1558 2267 eius,

120 2271 264 2307 mittens
283 2273 319 2305 in
344 2283 464 2306 omnes
490 2275 665 2318 regiones,
686 2274 867 2317 elegantes
891 2273 1003 2305 forma
1028 2273 1179 2318 puellas,
1204 2278 1242 2306 ut
1268 2284 1386 2306 earum
1403 2274 1558 2318 aliquam

118 2318 325 2363 Theophilo
349 2320 424 2353 filio
452 2332 515 2354 suo
541 2320 784 2366 desponsaret,
810 2320 966 2364 collegit.
991 2320 1122 2353 coactis
1142 2321 1263 2366 itaque
1289 2320 1476 2353 cunctisin
1495 2331 1559 2365 pa-

118 2366 243 2399 latium
259 2366 303 2398 ad
322 2367 528 2408 triclinium,
556 2369 611 2401 cui
635 2379 766 2401 nomen
785 2367 1003 2410 Margarites,
1024 2367 1154 2400 malum
1183 2379 1325 2400 aureum
1351 2367 1559 2412 Theophila

117 2412 277 2451 tradidit,
298 2411 419 2447 dicens
447 2415 565 2448 “dona
594 2415 685 2448 illud
710 2416 741 2447 ei
759 2426 850 2460 quae
879 2414 1207 2458 placueritmagis.'’
1232 2420 1307 2448 erat
1333 2426 1438 2459 porro
1465 2414 1560 2448 inter

118 2461 198 2493 illas
215 2460 348 2505 puella,
370 2462 514 2496 nomine
531 2463 650 2502 lensia,
671 2461 934 2502 formosissima,
961 2472 1031 2506 qua
1050 2462 1123 2494 visa
1145 2462 1381 2507 Theophilus,
1397 2460 1474 2493 eius
1494 2461 1560 2494 de-

122 2508 273 2541 lectatus
294 2507 571 2551 pulchritudine,
590 2509 679 2543 dixit
704 2515 792 2555 “per
815 2508 998 2540 mulierem
1022 2519 1128 2554 quam
1152 2510 1262 2542 multa
1286 2513 1475 2541 manarunt
1495 2507 1561 2541 da-

122 2555 238 2587 mna.'’
266 2555 329 2586 illa
353 2554 488 2599 pudore
511 2557 652 2602 perfusa
678 2555 865 2602 respondit
895 2560 1040 2588 “verum
1063 2567 1128 2600 per
1151 2556 1336 2588 mulierem
1363 2555 1561 2590 scaturiunt

123 2602 306 2635 meliora.''
327 2601 373 2634 oh
388 2613 595 2647 responsum
611 2603 715 2637 corde
730 2614 913 2648 percussus
927 2613 1003 2635 eam
1014 2602 1159 2649 quidem
1175 2602 1318 2641 dimisit,
1333 2601 1560 2636 Theodoram

117 2661 201 2682 vero
218 2647 482 2693 Paphlagonum
502 2652 601 2683 terris
619 2657 732 2684 ortam
751 2650 845 2683 malo
863 2649 1019 2684 donavit.
1039 2655 1187 2683 coronat
1204 2654 1320 2682 autem
1333 2648 1560 2683 Theodoram

119 2698 158 2731 in
176 2697 209 2730 S.
227 2694 400 2741 Stephani
419 2698 585 2738 oratorio,
605 2698 681 2744 ipse
698 2697 854 2731 vicissim
872 2696 915 2730 ab
930 2698 1087 2731 Antonio
1111 2695 1311 2743 patriarcha
1336 2696 1558 2748 nuptialibus
