1838 3132
590 73 1096 117 CHRONOGRAPHIA.
1467 64 1563 113 279

121 176 262 218 τοῦτον
301 173 660 227 οἷποπεμψαμένου
698 177 860 230 ἐποίησε
890 175 1096 227 Σαμωνᾶς
1122 173 1258 227 μῆνας
1287 171 1494 227 τέσσαρας
1521 173 1566 214 ἐν

119 243 179 300 τῷ
212 239 308 299 οἴκῳ
343 242 415 283 τοῦ
442 239 619 296 Βάρδα,
654 239 966 293 α’πεσυνόψισεν
1011 242 1057 282 δὲ
1100 241 1143 282 ἐν
1182 239 1232 295 τῇ
1261 238 1624 297 αὕτοκρατοριζιιΒᾷ

119 308 199 350 τοῦ
235 308 453 361 βασιλέως.
517 307 653 363 ε’φοὶνη
702 309 749 349 δὲ
794 306 887 349 τότε
927 305 999 348 καὶ
1045 305 1068 347 ὅ
1096 305 1277 360 κομήτης
1320 303 1457 359 οἷστὴρ
1494 301 1569 353 τοὶς

122 374 293 422 οἷκτῖνας
318 374 389 415 ε’πί
419 372 621 427 α’νατολῆν
650 374 822 425 πέμπων
850 374 923 414 καί
950 371 1201 428 φαινόμενος
1223 377 1266 414 ὲν
1296 370 1472 425 ἡμέραις
1499 371 1573 411 καί

88 442 215 492 ὄνυξί
237 437 558 493 τεσσαράκοντα.
1017 451 1020 454 ·
1420 445 1427 453 >

229 506 464 559 Ἐγέννησεν
497 505 624 547 Λέων
661 503 754 545 υἱὸν
787 506 1109 546 Κωνσταντῖνον
1136 503 1219 546 α’πὸ
1250 505 1374 559 Ζωῆς
1402 504 1475 558 τῆς
1502 517 1572 544 τε-

123 572 275 628 τάρτης
321 572 451 613 αὐτοῦ
496 572 698 624 γαμετῆς.
765 571 1001 625 ἐβαπτίσθη
1039 572 1086 612 δὲ
1124 569 1177 613 τοὶ
1211 568 1311 625 ἅγια
1340 571 1460 626 φῶτα
1488 567 1570 610 ὗπό

124 637 335 682 Νικολάου
366 638 634 690 πατριάρχου
665 638 710 678 ἐν
737 640 790 694 τῇ
815 637 975 694 μεγάλῃ
1009 639 1202 694 ἐκκλησίᾳ
1231 639 1465 688 δεξαμένων
1494 636 1616 677 av'·n

122 703 196 748 ’τὸν
219 701 496 758 Ἀλεξάνδρου
528 705 735 756 βασιλέως
767 705 1053 756 καίΣαμωνᾶς
1079 708 1294 757 πατρίκιος
1321 702 1393 744 καί
1420 703 1503 744 τῶν
1529 703 1574 743 ἐν

71 780 115 815 10
127 773 234 813 τέλει
263 768 443 814 πάντων.
467 771 607 824 γέγονε
640 771 686 812 δὲ
716 769 786 811 τὸν
810 772 989 823 βασιλέα
1018 770 1298 825 εὖλογηθῆναι
1326 768 1431 822 μετὰ
1449 770 1576 824 Ζωῆς

123 834 226 890 μετά
269 834 343 890 την
380 833 528 891 ἑορτήν
568 834 681 890 παρὰ
731 833 866 888 Θωμᾶ
908 838 1217 891 πρεσβυτέρου,
1262 834 1307 884 ὃς
1339 838 1573 892 καθῃρέθη.

124 901 378 957 α’νηγόρευσε
423 904 469 944 δὲ
507 901 580 957 τήν
624 903 756 957 αότὴν
794 901 919 957 Ζωὴν
960 905 1020 951 εἰς
1058 902 1322 956 Αιῗγούσταν.
1389 900 1463 942 καί
1501 898 1599 942 (lusi.>

124 969 248 1011 τοῦτο
273 968 345 1010 τὸν
370 971 547 1021 βασιλέα
580 969 602 1011 o‘
633 967 894 1025 πατριάρχης
933 969 992 1017 εἰς
1019 968 1092 1023 την
1121 969 1340 1023 ἐκκλησίαν
1369 965 1576 1009 ἐκώλυσεν

127 1034 416 1090 εἷσέρχεσθαι·
482 1031 582 1076 ὅθεν
623 1034 817 1090 διήρχετο
858 1033 1041 1076 ἀπὸτοῦ
1076 1037 1215 1086 δεξιοῦ
1251 1035 1408 1086 μέρους
1445 1036 1575 1088 μέχρι

73 1116 115 1150 15
127 1103 199 1144 τοῦ
227 1104 530 1156 μιτατορικίου,
556 1103 657 1157 μηδ’
676 1098 781 1150 ὅλως
808 1103 867 1151 εἰς
894 1100 941 1142 τὰ
964 1100 1068 1142 κατὰ
1099 1102 1327 1155 συνήθειαν
1358 1098 1576 1154 διερχόμε-

127 1183 206 1216 νος.
263 1166 504 1222 προεβλήθη
547 1169 591 1210 δὲ
635 1168 838 1220 Σαμωνᾶς
883 1171 1256 1222 παρακοιμώμενος
1293 1168 1362 1209 διὰ
1397 1163 1578 1209 τὸεῖναι

126 1235 182 1291 τῷ
204 1236 377 1287 βασιλεῖ
399 1234 598 1288 συνεργὸς
627 1234 732 1288 πρὸς
760 1235 898 1276 πᾶσαν
930 1236 1194 1288 παρανομίαν
1221 1237 1294 1276 καί
1317 1234 1477 1286 κακιάν,
1506 1231 1580 1274 καὶ

128 1299 235 1342 κατὰ
263 1301 335 1355 τῆς
363 1301 581 1354 ἐκκλησίας
621 1297 770 1355 ἤρξατο
813 1302 1004 1353 μελετᾶν.
1078 1301 1464 1355 προσκαλεσάμενοι
1493 1298 1576 1355 γάρ

131 1366 341 1410 Νικόλαον
369 1365 633 1420 πατριάρχην
661 1368 960 1421 Φεβρουαριόυ
993 1365 1163 1423 πρώτῃ,
1193 1369 1267 1408 καί
1290 1364 1422 1408 πολλοὶ
1451 1369 1578 1407 λιπα-
1591 1372 1709 1410 1³.484

73 1431 328 1488 anq'oavtec
365 1434 592 1487 δεχθῆναι,
634 1434 726 1474 ἐπεὶ
759 1438 902 1474 πεῖσαι
940 1433 1016 1474 οὐκ
1060 1433 1362 1489 ἠδυνήθησαν,
1393 1430 1477 1474 α’πὸ
1503 1434 1578 1474 τοῦ

129 1502 348 1554 κλητοριόυ
374 1497 443 1540 διὰ
475 1501 548 1540 τοῦ
578 1500 881 1547 Βουκολέοντος
917 1501 962 1541 ἐν
993 1502 1122 1556 πλοίῳ
1151 1502 1287 1558 μικρῷ
1318 1499 1577 1553 ἐμβιβάσαν-

128 1580 194 1614 τες
223 1566 476 1621 διεπέρασαν
502 1565 547 1607 ἐν
575 1568 626 1622 τῇ
648 1562 808 1623 Ἱερείᾳ,
840 1566 916 1622 ἀφ’
945 1560 993 1621 ἧς
1021 1566 1126 1623 πεζῇ
1153 1567 1279 1621 μέχρι
1293 1567 1333 1608 Γ
1331 1562 1577 1621 αλακρήνων

133 1760 248 1794 eoque
284 1754 369 1783 tnnc
395 1759 472 1781 cum
513 1749 634 1782 furore
667 1750 711 1782 ab
741 1750 954 1795 imperatore
992 1755 1086 1782 retro
1112 1749 1316 1790 amandato,
1342 1749 1512 1781 Samonns
1538 1748 1575 1781 in

132 1796 265 1831 Bardae
292 1796 397 1829 domo
428 1807 564 1829 menses
598 1802 768 1842 quattuor
811 1798 959 1842 peregit,
992 1802 1028 1830 et
1051 1807 1171 1829 annuo
1201 1797 1260 1829 die
1286 1807 1356 1841 quo
1382 1797 1577 1839 imperator

133 1849 348 1890 potestatem
389 1844 525 1888 accepit
561 1844 732 1877 redeunte
761 1845 1009 1878 reconciliatus
1036 1850 1100 1877 est.
1151 1850 1234 1877 tnnc
1266 1843 1432 1888 apparuit
1457 1854 1577 1875 come·

132 1897 188 1924 tes
215 1890 330 1924 radios
356 1901 475 1923 versus
505 1891 688 1925 Orientem
723 1892 920 1934 eiaculans,
953 1897 990 1925 et
1014 1891 1092 1924 dies
1118 1898 1312 1937 noctesque
1341 1889 1577 1937 quadraginta

133 1939 343 1984 conspicuus
369 1939 572 1982 permansit.

223 1986 248 2018 E
276 1987 344 2019 Zoe
380 1996 464 2018 vero
493 1991 618 2031 quarta
654 1985 806 2029 coniuge
846 1985 1119 2019 Constantinum
1159 1985 1273 2017 {ilium
1311 1984 1381 2016 Leo
1407 1983 1576 2028 suscepit,

134 2033 198 2078 qui
223 2032 397 2066 luminum
425 2033 515 2066 festo
542 2045 560 2065 a
578 2033 726 2066 Nicolao
752 2031 951 2077 patriarcha
978 2034 1015 2066 in
1039 2044 1164 2077 magna
1193 2032 1353 2072 ecclesia,
1377 2031 1577 2076 suscipien-

133 2080 230 2114 tibus
253 2091 401 2125 puerum
428 2091 447 2113 e
474 2080 575 2114 sonte
601 2079 801 2113 Alexandro
826 2082 1053 2125 imperatore,
1081 2081 1231 2113 Samona
1261 2079 1410 2124 patricio
1434 2084 1471 2111 et
1493 2089 1579 2123 pro-

136 2127 274 2160 ceribus
297 2128 434 2160 cunctis
462 2127 663 2172 baptizatus
693 2133 758 2160 est.
810 2128 960 2171 contigit
986 2133 1105 2160 autem
1130 2129 1377 2170 imperatorem
1403 2137 1482 2158 cum
1497 2127 1579 2165 Zoe,

136 2174 230 2208 festo
258 2175 458 2208 istiusmodi
490 2174 692 2215 celebrato,
719 2174 1006 2207 benedictionem
1047 2175 1246 2219 nuptialem
1274 2185 1293 2206 a
1318 2173 1455 2207 'I‘homa
1480 2183 1579 2218 pres·

136 2220 263 2265 hytero
288 2222 477 2267 suscipere,
507 2223 569 2267 qui
597 2233 673 2255 eam
700 2222 746 2255 ob
772 2234 843 2254 rem
868 2222 982 2254 officio
1009 2220 1194 2267 depositus
1224 2228 1289 2254 est.
1319 2220 1467 2253 eandem
1493 2230 1581 2255 vero,

137 2269 240 2302 Zoem
266 2270 454 2312 Augustam
481 2268 676 2302 declaravit
701 2270 904 2314 imperator,
939 2281 1042 2314 quem
1070 2275 1258 2313 eapropter
1283 2267 1455 2302 ecclesiae
1484 2266 1579 2300 limi-

136 2315 244 2349 nibus
269 2315 467 2360 patriarcha
493 2316 690 2360 prohibuit,
718 2323 756 2350 ut
780 2316 909 2349 exinde
938 2316 1072 2361 pariter
1094 2316 1240 2349 dextera
1267 2315 1437 2349 ecclesiae
1465 2319 1578 2358 parte,

140 2363 197 2396 via
222 2369 394 2396 consueta
418 2365 559 2408 penitus
590 2365 724 2403 relicta,
750 2363 795 2396 ad
823 2364 1076 2396 Mitatoricium
1104 2375 1215 2409 usque
1241 2362 1486 2408 pertransiret.
1513 2360 1580 2393 Sa-

139 2421 262 2443 monas
290 2410 419 2444 deinde
443 2410 627 2444 accubitor
652 2417 835 2456 provectus
858 2417 921 2451 est,
950 2411 1048 2456 quud
1075 2411 1119 2444 ad
1146 2422 1251 2444 omne
1276 2411 1412 2443 facinus
1439 2413 1475 2441 et
1497 2419 1580 2452 pra·-

138 2457 285 2490 vitatem
313 2458 516 2502 imperatori
542 2470 686 2492 manum
723 2458 913 2504 praeberet
947 2458 1175 2500 auxiliarem-3
1218 2463 1254 2491 et
1279 2456 1446 2490 adversus
1466 2455 1582 2488 eccle-

141 2504 227 2537 siam
255 2510 451 2549 coeperunt
482 2505 656 2539 meditari.
718 2512 881 2539 vocatum
908 2506 1042 2550 quippe
1067 2505 1112 2538 nd
1140 2516 1176 2538 se
1204 2505 1390 2538 Nicolaum
1428 2502 1583 2548 patriar-

141 2551 242 2584 cham
275 2553 459 2585 Februarii
484 2552 540 2585 die
568 2554 682 2598 primo
709 2552 872 2597 precibus
897 2552 1080 2586 instabant
1105 2557 1144 2586 nt
1172 2554 1207 2585 in
1234 2551 1420 2584 ecclesiam
1445 2551 1584 2594 recipe-

141 2604 285 2632 rentur:
319 2605 359 2632 ut
385 2610 469 2632 vero
493 2599 635 2633 flectere
664 2612 736 2633 non
763 2605 975 2644 potuerunt,
1001 2611 1019 2631 a
1046 2601 1207 2632 convivio
1233 2598 1390 2642 publico,
1415 2596 1458 2629 ad
1485 2595 1584 2642 qum}

141 2651 287 2680 vocatus
315 2646 443 2688 suerat,
468 2647 620 2682 eiectum
643 2653 681 2682 et
698 2659 762 2694 per
786 2647 1039 2684 Bucoleontem
1067 2647 1212 2680 ductum
1234 2645 1407 2691 lintrique
1432 2641 1586 2690 imposi-
