1838 3132
357 164 449 211 180
738 148 965 223 [morus
999 147 1384 222 GRAMMATicr]

349 268 614 323 Χριστιανὴν
633 267 807 322 ποιήσας
827 269 899 307 καί
913 266 1088 322 Εἰρήνην
1108 264 1382 317 ἐπονομάσας·
1408 263 1498 322 ἥτις
1513 268 1714 319 μαθοῦσα
1737 263 1789 309 τὰ

350 334 444 388 ἱεροὶ
477 336 702 390 γράμματα
722 334 942 386 διέπρεπεν
969 335 1012 373 ἐν
1040 333 1241 389 εὐσεβείᾳ,
1271 330 1346 385 τὴν
1367 331 1518 373 τούτου
1543 333 1790 386 δυσσέβειαν

349 403 592 454 ἐλέγχουσα.
649 397 778 440 πολλὰ
809 400 856 439 δὲ
884 400 936 454 τῇ
954 397 1095 454 Ῥώμῃ
1126 397 1230 438 κακά
1257 395 1488 446 ἑνεδειῖξατο
1515 397 1585 439 διά
1607 396 1680 440 τὸν
1707 395 1789 439 πά-

348 483 453 521 nan,
493 467 565 506 καί
607 463 742 505 πακτα
786 461 931 518 ἐτήσια
971 469 1064 512 ταῖς
1112 466 1344 518 ἐκκλησίαις
1385 465 1597 514 διετάξατο
1639 467 1786 505 τελεῖν.

348 528 625 584 ἐστράτευσαν
664 530 710 570 δὲ
736 530 809 570 καί
841 527 879 570 οἱ
907 528 1125 583 Ἀγαρηνοὶ
1149 526 1253 569 κατά
1285 527 1420 582 πάσης
1441 527 1686 580 Ῥωμανίας,
1715 530 1821 571 καὶὸ

347 594 501 649 πολλήν
527 596 816 648 αἰχμαλωσίαν
843 593 1038 647 λαβόντες
1066 595 1346 648 ὑπέστρεψαν.
1422 594 1493 634 καί
1513 591 1684 645 σεισμὸς
1708 594 1787 647 μὲ-

346 678 421 715 γας
451 662 616 714 ἐγένετο,
647 658 752 702 ὥστε
781 663 997 714 πτωθῆναι
1026 661 1240 715 ἐκκλησίας
1270 662 1340 701 καί
1372 658 1521 713 οἴκους,
1548 661 1619 702 καί
1646 664 1788 702 πεσεῖν

347 727 421 779 την
460 728 614 780 στήλην
643 727 864 780 Ἀρκαδιόυ
907 725 981 779 την
1021 729 1064 768 ἐν
1089 728 1143 783 τῷ
1170 724 1402 782 Ξηρολόφῳ
1442 724 1491 766 τά
1527 740 1574 767 τε
1603 729 1785 779 χερσαῖα

348 796 422 845 τῆς
460 791 616 841 πόλεως
649 793 766 846 τείχη
802 791 874 832 καί
902 790 1187 844 Νικομήδειαν
1225 792 1299 831 καί
1326 793 1526 846 Νίκαιαν,
1554 793 1787 847 α’ποφυγεῖν

350 860 397 899 δὲ
426 860 498 899 καί
521 859 592 911 τὴν
619 855 838 899 θάλασσαν
864 858 945 898 τῶν
976 859 1094 899 ἰδίων
1126 854 1236 911 ὅρων
1273 855 1317 898 ἔν
1345 873 1428 898 τισι
1456 855 1610 907 τόποις.
1666 855 1788 906 εἰδώς
1801 869 1838 903 1ss

346 927 393 967 δὲ
424 924 445 965 ὃ
476 923 674 976 βασιλεῦς
701 921 753 964 τὰ
787 925 902 976 τείχη
931 924 1147 964 πτωθέντα
1177 920 1394 977 διελάλησε
1421 922 1548 976 λέγων
1575 918 1637 965 ὅτι
1666 922 1790 975 ὖμεῖς

346 990 384 1032 οἱ
410 993 481 1044 τῆς
515 987 669 1037 πόλεως
699 990 939 1029 α’δυνατεῖτε
974 986 1026 1029 τὰ
1055 991 1170 1041 τείχη
1211 990 1364 1037 κτίσαι,
1398 985 1504 1029 α’λλὰ
1533 985 1790 1042 προσετάξα-

347 1072 424 1109 μεν
453 1060 539 1103 τοῖς
569 1057 796 1109 διοικηταῖς
838 1053 896 1101 εἰς
925 1051 997 1095 τὸν
1026 1053 1173 1094 κανόνα
1213 1055 1446 1106 α’παιτῆσαι
1473 1051 1575 1094 κατὰ
1603 1051 1790 1107 νόμισμα

345 1120 601 1176 μιλιαρίσιον
632 1119 702 1174 ἓν,
743 1120 816 1160 καί
839 1118 1063 1172 λαμβάνειν
1108 1118 1212 1159 αὐτὸ
1242 1116 1318 1172 τὴν
1347 1118 1579 1174 βασιλείαν,
1605 1120 1678 1160 καί
1703 1119 1789 1161 κτί-

348 1190 433 1239 ζειν
475 1186 526 1228 τοὶ
557 1188 684 1240 τείχη.
742 1187 932 1227 ἐντεῦθεν
959 1184 1179 1238 ἐκράτησεν
1221 1183 1245 1238 ἦ
1276 1185 1479 1237 συνήθεια
1508 1187 1707 1238 παρέχειν
1733 1183 1786 1227 τὰ
1801 1190 1838 1225 15

351 1255 545 1305 δικέρατα
576 1258 660 1300 τοῖς
690 1253 928 1305 διοικηταῖς.
984 1252 1028 1291 ἐν
1054 1249 1210 1298 τούτοις
1249 1248 1269 1290 ὁ
1304 1253 1547 1303 παμμίαρος
1574 1251 1701 1293 Λέων
1724 1265 1789 1292 τε·

349 1320 503 1373 λευτᾷ,
537 1315 643 1373 νόσῳ
687 1314 953 1368 δυσεντερίας
997 1315 1073 1369 τὴν
1112 1313 1259 1368 ψυχήν
1295 1314 1546 1368 α’πορρήξας.
1600 1314 1790 1370 τελευτή-

347 1398 493 1432 σαντος
539 1383 584 1423 δὲ
624 1381 752 1423 αὐτοῦ
800 1382 920 1434 ἐτέθη
958 1378 1000 1422 τὸ
1036 1381 1158 1433 σῶμα
1198 1381 1329 1421 αὐτοῦ
1356 1378 1399 1421 τὸ
1433 1380 1632 1436 δύστηνον
1662 1382 1708 1423 ἐν
1733 1383 1790 1437 τῷ

346 1449 432 1504 ναῷ
463 1450 544 1489 τῶν
573 1447 698 1500 ἁγίων
725 1446 978 1487 ἀποστόλων.
1034 1445 1107 1487 τὸν
1135 1447 1182 1487 δὲ
1198 1448 1271 1499 τῆς
1292 1445 1604 1502 ἀρχιερωσύνης
1633 1444 1788 1502 θρόνον

347 1518 536 1567 κατεῖχεν
564 1512 828 1561 Ἀναστάσιος
857 1511 878 1553 ὅ
899 1510 1120 1567 αἱρετικός,
1151 1511 1445 1565 διαδεξάμενος
1473 1513 1514 1555 Γ
1509 1510 1689 1569 ερμανὸν
1715 1510 1838 1556 τὸν2ί]

346 1579 562 1635 μακάριον.

442 1697 474 1731 7.
501 1696 740 1741 πεπτωθῆναι
761 1697 788 1732 C

351 1798 495 1831 ctrinam
523 1797 708 1830 didicisset
735 1799 868 1843 pietate
894 1797 1063 1830 excelluit
1088 1797 1190 1830 illum
1217 1797 1411 1843 impietatis
1435 1798 1661 1832 convincens.
1691 1799 1786 1832 mul·-

351 1846 396 1878 tis
426 1847 567 1878 Romam
592 1845 732 1877 iniuriis
757 1855 868 1889 papae
894 1855 999 1877 causa
1021 1845 1162 1878 vexavit
1186 1850 1221 1878 et
1246 1856 1402 1878 annuum
1428 1845 1603 1879 tributum
1628 1846 1787 1880 ecclesiis

351 1893 528 1936 imposuit.
578 1891 841 1937 expeditionem
882 1891 919 1924 in
946 1893 1119 1924 Romanos
1142 1892 1294 1935 Agar-eni
1331 1893 1493 1925 fecerunt
1524 1897 1560 1926 et
1583 1893 1704 1925 multis
1729 1904 1788 1925 ca-

351 1940 423 1984 ptis
449 1943 676 1971 reverterunt.
735 1943 848 1971 terrae
889 1945 1006 1971 motus
1044 1938 1113 1971 fuit
1139 1943 1270 1980 tantus,
1295 1944 1335 1972 ut
1369 1940 1538 1972 ecclesiae
1565 1944 1601 1973 et
1625 1938 1789 1973 aedificia

353 1985 592 2025 conciderent,
619 1990 801 2030 praeterea
828 1985 965 2017 Arcadii
991 1985 1166 2025 columna,
1191 1996 1282 2030 quae
1310 1986 1345 2017 in
1373 1984 1576 2030 Xerolopho
1603 1991 1690 2027 erat,
1715 1991 1789 2019 ter-

353 2032 476 2064 restria
501 2032 597 2064 urbis
626 2032 764 2064 moenia
791 2037 827 2064 et
856 2031 1063 2064 Nicomedia
1089 2038 1125 2064 et
1150 2033 1293 2072 Nicaea,
1321 2037 1432 2077 utque
1458 2032 1639 2066 recederet
1663 2043 1683 2065 a
1711 2038 1790 2066 ter-

352 2078 458 2111 minis
483 2079 554 2111 suis
589 2088 684 2110 mare
720 2077 930 2123 quibusdam
971 2079 1007 2111 in
1037 2079 1135 2111 locis.
1192 2090 1251 2111 rex
1288 2091 1395 2123 quum
1424 2079 1565 2112 moenia
1594 2079 1788 2113 concidisse

352 2124 489 2157 videret
511 2124 598 2157 haec
621 2125 851 2169 proclamavit
875 2131 959 2158 “vos
990 2137 1097 2170 quum
1118 2136 1220 2170 pares
1253 2137 1325 2158 non
1351 2126 1426 2158 sitis
1451 2125 1638 2159 moenibus
1662 2126 1790 2159 aedifi-

353 2171 486 2212 candis,
509 2171 757 2216 qiiaestorIbus
782 2173 910 2204 nostris
936 2171 1200 2216 imperavimus,
1232 2178 1271 2204 ut
1298 2177 1436 2216 praeter
1463 2173 1692 2206 constitutum
1721 2173 1788 2206 tri-

351 2218 478 2252 butum
522 2219 560 2251 in
596 2218 733 2261 singula
765 2219 975 2251 nomismata
1010 2219 1229 2251 miliarisium
1264 2230 1370 2251 unum
1398 2219 1586 2263 accipiant,
1611 2218 1720 2265 idque
1749 2220 1787 2254 in

354 2265 525 2297 aerarium
553 2270 708 2297 nostrum
735 2266 928 2305 conferant,
958 2270 996 2298 ut
1020 2266 1158 2298 moenia
1186 2265 1269 2298 inde
1297 2266 1552 2299 exstruantur.'’
1579 2265 1665 2299 inde
1690 2266 1788 2300 obti-

354 2312 435 2345 nuit
459 2316 498 2344 ut
520 2310 672 2343 dicerata
698 2312 944 2356 quaestoribus
965 2312 1158 2345 solvantur.
1218 2317 1291 2344 tum
1319 2313 1574 2357 impurissimus
1597 2314 1669 2347 Leo
1692 2323 1809 2346 mors

354 2363 435 2391 tuus
460 2363 512 2390 est
550 2358 798 2390 intestinorum
835 2357 1060 2391 torminibus.
1118 2369 1243 2402 corpus
1277 2358 1353 2391 eius
1394 2359 1519 2392 infelix
1542 2359 1722 2393 conditum
1748 2360 1787 2393 in

355 2404 598 2449 apostolorum
622 2405 779 2436 ecclesia.
830 2406 1071 2450 episcopatum
1096 2404 1298 2438 Anastasius
1322 2406 1440 2440 tenuit
1465 2406 1676 2448 haereticus,
1699 2406 1788 2440 bea·

355 2457 429 2485 tum
456 2452 669 2485 Germanum
694 2455 847 2484 secutus.
