1838 3132
307 133 378 174 DE
395 108 804 178 ‘THESSALONICA
831 137 868 177 A
894 138 1101 180 LATINIS
1128 138 1317 181 CAPTA.
1434 132 1526 182 401

88 235 226 290 σοφοῦ
252 234 421 288 ἰατῆρος
453 235 713 289 Διομήδους,
746 237 931 290 ἐπισχών
965 240 1018 279 ου’
1054 237 1182 281 πολὺν
1220 238 1374 294 χρόνον
1402 239 1534 295 οἷπῆγὲ

87 316 132 342 τε
161 300 234 342 καί
263 300 482 355 ἐβύθισεν,
526 300 753 355 ὗπουργοΐς
792 302 1061 357 χρησάμενος
1096 299 1157 348 οἷν
1186 303 1368 356 ἐνίους-ὅ
1400 323 1533 348 κατα-

87 362 309 420 βραβεύων
337 368 470 408 αὐτοῦ
499 366 637 421 θυμός
667 369 717 409 ου’
744 371 880 425 πολλῷ
909 367 1084 425 ὕστερον
1113 367 1163 412 εὖ
1192 373 1322 415 ποιῶν
1352 374 1532 424 ἐτίσατο,

78 430 358 482 παιδεύοντος
396 430 508 488 ἡμᾶς
546 433 620 476 καί
661 433 771 476 οὕτω
811 437 888 476 τοῦ
925 439 1030 477 θεοῦ
1068 437 1125 487 ὥς
1151 438 1222 480 καί
1251 437 1272 480 ὅ
1299 438 1534 481 ἐπιτάσσων

55 497 140 541 5τὰ
172 499 418 554 φαυλότατα
447 501 519 540 καί
546 498 568 539 ὅ
600 499 934 552 ὑποτασσόμενος
963 505 1038 543 τοῦ
1058 503 1281 558 προσώπου
1311 506 1534 560 πειρῶνται

87 567 164 606 τοῦ
189 567 292 607 θεοῦ
320 563 462 606 ὁποίου
493 560 580 607 οἶδε
608 565 764 607 Δαυΐὸ.

202 629 334 674 Τοῦτό
361 647 403 672 τε
431 626 503 672 οὖν
530 628 659 681 οὕτως
687 631 906 687 ἐξήμαρτε,
939 634 1010 675 καί
1037 633 1261 690 σύγκλητον
1287 638 1334 679 δὲ
1362 639 1534 690 θέμενος

88 698 252 751 ἀνδρῶν
279 695 464 751 λογάδων
493 694 684 740 ἁπάντων
708 700 789 740 τῶν
806 700 881 740 τοῦ
900 702 1100 753 μεγίστου
1127 706 1282 756 γένους,
1309 701 1411 746 κατά
1440 719 1531 746 τινα

87 760 250 817 ἧμέραν
276 761 329 818 ἢν
349 763 420 805 καί
447 762 782 819 ἐγγράψηταίτις
813 761 866 807 ἂν
897 767 956 814 εἰς
990 765 1221 822 ἀποφράδα
1249 770 1398 823 δεινήν,
1431 773 1532 811 συλ-

34 830 289 884 ίολαμβάνει
327 831 508 879 ἐκείνους
549 829 650 872 ὦσεί
690 833 762 873 καί
796 833 951 885 ἰχθύας
977 831 1094 881 τινας
1127 836 1172 875 ὲν
1199 830 1372 892 ἀφύκτῳ
1401 834 1533 877 ποινά..

84 911 184 954 γρφ,
215 898 314 949 δίχα
341 912 387 950 γε
428 897 509 938 τῶν
543 899 680 939 καλῶν
711 899 928 953 ’Λγγέλων,
957 897 1001 940 οἳ
1025 900 1099 940 καί
1130 894 1196 941 οἶα
1226 900 1532 954 πτερυξάμενοι

85 965 128 1011 ἐς
158 961 297 1018 φυγήν
325 965 670 1018 ἐσκορπίσθησαν.
729 965 802 1005 καί
841 965 1077 1006 διατίθεται
1106 965 1263 1014 πάντας
1293 965 1350 1014 οὖς
1382 966 1455 1008 οὔκ
1482 964 1534 1008 ἂν

84 1027 300 1085 εὕλογὴσοι
337 1046 428 1082 τις,
471 1029 604 1082 λαβὰς
643 1031 852 1072 ἐπικαλῶν
893 1028 1079 1079 ἑκάστοις
1122 1031 1166 1073 τὸ
1195 1032 1297 1074 κατὰ
1326 1035 1534 1085 βασιλέως

83 1097 337 1150 ἐνδομυχεῖν,
365 1099 523 1139 ἐκεῖνον
554 1097 782 1153 (εὐστόχως
809 1098 955 1153 εἰπεῖν)
990 1097 1214 1151 ἀλιτήριος.
1270 1100 1342 1140 καί
1371 1098 1533 1153 ὀλίγους

30 1163 159 1214 ίὸμέν
186 1179 299 1212 τινας
328 1164 571 1206 ἐδικαίωσεν
597 1163 656 1212 εἷς
683 1161 862 1219 εἱρκτήν,
891 1158 999 1218 ἦσαν
1027 1165 1075 1206 δὲ
1103 1163 1148 1206 οἳ
1171 1167 1244 1206 καί
1262 1167 1305 1216 ἐξ
1336 1164 1532 1218 ὀμμάτων

81 1230 280 1281 ἐγένοντο,
309 1232 476 1277 πλείους
501 1244 546 1283 γε
577 1224 708 1270 οὗτοι,
760 1229 876 1278 τινὰς
904 1231 949 1271 δὲ
981 1233 1054 1271 καί
1080 1232 1122 1279 ἐς
1151 1227 1377 1287 ἆειφυγίαν
1404 1231 1532 1286 ’ὕπερ-

82 1296 222 1348 οριόυς
249 1292 415 1336 ἔστειλε.
444 1294 551 1348 μετὰ
580 1295 723 1350 βραχύ
759 1296 804 1337 δὲ
833 1295 906 1337 καί
938 1294 1038 1345 τούς
1065 1299 1397 1350 καθειρχθέντας
1424 1297 1530 1337 ὑπο-
1578 1305 1587 1322 s

83 1359 230 1402 διελών
260 1362 451 1414 ἐμέρισεν
481 1359 540 1410 εἴς
563 1376 605 1403 τε
636 1359 822 1417 τυφλούς
850 1362 894 1403 ἐκ
923 1360 1098 1417 σιδήρου
1121 1363 1192 1404 καί
1216 1362 1275 1417 μὴ
1303 1360 1529 1418 τοιούτους,

85 1423 141 1476 ὥς
166 1422 231 1481 ἄν,
260 1422 394 1480 οἶμαι,
421 1429 640 1480 βλέποντες
677 1427 803 1470 αυ’τοί
833 1427 931 1478 τούς
956 1431 1280 1484 πεπηρωμένους
1310 1429 1379 1470 αἐἰ
1405 1431 1529 1480 ζῶσιν

25 1498 71 1532 20
82 1489 263 1548 ἔμφοβοι
291 1495 362 1534 καί
386 1493 700 1544 συνεπαύξωσιν
738 1491 846 1536 οὕτω
883 1493 928 1536 τὸ
958 1494 1085 1537 κακὸν
1110 1496 1182 1550 τῆς
1208 1497 1470 1548 καθείρξεως.

193 1559 258 1601 Ου’
301 1559 432 1601 πολύν
470 1561 516 1602 δὲ
550 1559 704 1614 χρόνον
743 1562 889 1613 μείνας
927 1563 1139 1614 ἐπιβαλεῖν
1179 1562 1342 1618 ἐφίεται
1370 1564 1443 1603 καί
1471 1563 1527 1620 τῷ

80 1624 433 1680 ὖπερανεστηκότι
472 1627 648 1682 βαθμῷ,
679 1627 905 1680 καταγνοὺς
939 1631 1011 1681 τῆς
1039 1625 1205 1683 πρώτης
1231 1629 1386 1683 ἐκείνης
1415 1631 1525 1680 βαθ-

79 1690 201 1743 μίδος
227 1690 285 1742 ὥς
309 1693 517 1747 ταπεινῆς.
590 1693 820 1747 γογγυσμὸς
846 1694 983 1736 τοίνυν
1013 1689 1138 1743 αὖθις
1167 1695 1283 1752 αὐτῷ
1311 1696 1523 1750 τεχνᾶται,

174 1802 228 1837 14.
255 1803 274 1839 ὁ
304 1805 469 1840 ἐκείνουὲ

81 1900 192 1934 medis
225 1901 396 1934 inclusam
432 1901 529 1934 brevi
563 1907 645 1945 post
680 1900 830 1935 abduxit
863 1907 900 1936 et
936 1901 1142 1944 submersit,
1175 1902 1388 1937 satellitibus
1424 1916 1519 1944 usus,

81 1959 232 1993 quorum
257 1948 452 1981 nonnullos
480 1948 668 1980 exitiosum
694 1949 768 1982 eius
796 1949 975 1992 ingenium
999 1962 1072 1983 non
1099 1950 1214 1984 multo
1243 1956 1323 1995 post
1347 1950 1439 1983 bene
1466 1951 1520 1983 se-

79 1996 128 2029 cit
151 1994 248 2041 quod
266 1995 431 2041 puniret:
458 1997 591 2040 quippe
610 1994 763 2029 ducebat
789 1997 840 2029 ita
858 2008 922 2029 nos
939 1996 1038 2038 deus,
1064 2003 1102 2030 ut
1134 2003 1170 2030 et
1195 1998 1256 2042 qui
1284 1997 1425 2030 iuberet
1443 2009 1518 2030 see-

78 2043 152 2076 lera
177 2048 214 2076 et
237 2043 298 2088 qui
324 2042 489 2076 obediret
512 2053 644 2075 numen
669 2043 916 2087 experirentur
938 2043 1108 2085 divinum,
1133 2044 1240 2089 quale
1265 2044 1380 2077 David
1406 2046 1514 2078 novit.

171 2089 252 2134 Quo
278 2095 417 2134 patrato
454 2090 624 2130 facinore,
663 2101 772 2135 quum
799 2091 838 2123 in
862 2096 1023 2124 senatum
1053 2091 1198 2135 legisset
1224 2093 1349 2124 summi
1379 2093 1516 2135 generis

77 2136 169 2169 viros
193 2148 315 2170 omnes
346 2138 554 2182 primarios,
580 2137 735 2182 quodam
762 2137 841 2177 die,
865 2148 971 2183 quem
1005 2138 1043 2170 in
1077 2139 1224 2171 maxime
1262 2139 1411 2172 nefastis
1436 2139 1515 2184 quis

77 2186 249 2225 numeret,
273 2183 542 2229 comprehendit
566 2185 648 2217 illos
672 2190 842 2230 tanquam
873 2185 988 2230 pisces
1023 2196 1094 2218 uno
1121 2186 1187 2219 reti
1214 2197 1348 2227 omnes,
1374 2193 1515 2231 praeter

78 2231 224 2264 eximios
251 2232 423 2276 Angelos,
452 2233 513 2277 qui
551 2233 652 2277 quasi
676 2232 760 2264 alati
791 2232 871 2276 fuga
901 2231 969 2264 huc
994 2231 1081 2265 illuc
1106 2232 1351 2267 discesserant.
1404 2233 1513 2266 habet

78 2289 199 2311 omnes
229 2289 270 2310 eo
295 2278 414 2317 modo,
443 2289 549 2324 quem
576 2290 680 2312 nemo
713 2279 922 2319 laudaverit,
952 2280 1090 2312 crimini
1117 2279 1204 2313 dans
1229 2281 1389 2324 singulis,
1414 2281 1511 2326 quod

75 2325 282 2369 imperatori
309 2325 569 2367 insidiarentur,
595 2337 700 2372 quem
726 2325 896 2366 violabat,
922 2332 962 2360 ut
978 2327 1107 2360 leniter
1129 2326 1255 2367 dicam,
1280 2330 1369 2372 ipse.
1419 2339 1512 2371 pau-

76 2383 136 2404 cos
162 2372 301 2418 aliquot
323 2373 366 2405 ad
391 2374 532 2406 vincula
559 2373 760 2415 dnmnavit3
786 2374 849 2406 sed
869 2374 1015 2407 fuerunt
1037 2375 1155 2414 etiam,
1181 2376 1243 2420 qui
1264 2375 1376 2408 oculis
1391 2376 1511 2419 priva-

75 2424 210 2459 rentur,
234 2425 270 2452 et
293 2419 328 2452 hi
363 2419 507 2465 quidem
535 2420 678 2466 plures;
700 2421 892 2454 nonnullos
923 2421 1033 2454 exilio
1060 2427 1232 2467 perpetuo
1261 2433 1279 2454 e
1306 2422 1419 2466 patria
1446 2433 1511 2454 ex-

74 2467 290 2499 terminavit.
354 2477 436 2500 mox
477 2468 582 2501 etiam
621 2469 759 2502 vinctos
798 2468 919 2501 divisit
940 2469 1008 2509 ita,
1034 2474 1074 2502 ut
1100 2470 1188 2502 alios
1223 2474 1393 2507 caecaret,
1419 2469 1509 2501 alios

19 2528 25 2534 ·
74 2525 147 2547 non
171 2519 339 2552 caecaret,
364 2525 454 2559 quo,
487 2516 636 2559 opinor,
661 2515 699 2548 hi
727 2521 914 2560 perpetuo,
954 2515 1037 2548 dum
1059 2517 1240 2549 mutilatos
1268 2516 1349 2548 illos
1374 2515 1509 2556 vident,

74 2561 112 2594 in
141 2566 236 2593 metu
267 2560 426 2595 viverent
450 2569 690 2608 augerentque
715 2563 783 2596 sibi
810 2563 1030 2596 vinculorum
1058 2564 1246 2596 miseriam.
1447 2565 1454 2576 ⁸

167 2607 269 2640 Haud
296 2607 357 2640 diu
385 2615 470 2650 erat,
495 2621 605 2655 quum
641 2610 685 2643 ad
715 2609 858 2655 gradum
892 2610 1080 2644 escendere
1108 2611 1323 2655 superiorem
1350 2609 1510 2653 aggredi·

73 2660 154 2695 tur,
178 2655 331 2699 priorem
359 2654 461 2687 illum
495 2656 663 2690 humilem
688 2668 764 2690 esse
797 2663 903 2690 ratus.
967 2658 1089 2704 itaque
1118 2658 1293 2690 fremitum
1321 2665 1437 2690 rursus
1463 2658 1511 2689 si-

74 2703 186 2735 mulat
213 2708 248 2734 et
273 2702 453 2736 molestias
481 2704 685 2747 praetendit
710 2710 746 2739 et
765 2715 854 2743 onus
875 2705 1103 2738 consiliorum
1122 2716 1192 2738 non
1219 2704 1286 2735 iam
1317 2703 1513 2745 ferendum,

151 2777 220 2811 Leo
250 2779 522 2812 Grammaticus.
1207 2777 1251 2811 26
