<?xml version="1.0" encoding="UTF-8"?>
<!DOCTYPE html PUBLIC "-//W3C//DTD XHTML 1.0 Transitional//EN"
    "http://www.w3.org/TR/xhtml1/DTD/xhtml1-transitional.dtd">
<html xmlns="http://www.w3.org/1999/xhtml" xml:lang="en" lang="en">
 <head>
  <title>
</title>
<meta http-equiv="Content-Type" content="text/html;charset=utf-8" />
  <meta name='ocr-system' content='tesseract 3.04.00' />
  <meta name='ocr-capabilities' content='ocr_page ocr_carea ocr_par ocr_line ocrx_word'/>
</head>
<body>
  <div class='ocr_page' id='page_1' title='image "./corpusscriptorum34niebuoft/corpusscriptorum34niebuoft_0111.png"; bbox 0 0 1838 3132; ppageno 0'>
   <div class='ocr_carea' id='block_1_1' title="bbox 590 163 1552 214">
    <p class='ocr_par' dir='ltr' id='par_1_1' title="bbox 590 163 1552 214">
     <span class='ocr_line' id='line_1_1' title="bbox 590 163 1552 214; baseline -0.002 0"><span class='ocrx_word' id='word_1_1' title='bbox 590 167 1085 214; x_wconf 73' lang='lat' dir='ltr'>CHRONOGRAPfflA.</span> <span class='ocrx_word' id='word_1_2' title='bbox 1488 163 1552 212; x_wconf 84' lang='lat'><strong><em>99</em></strong></span> 
     </span>
    </p>
   </div>
   <div class='ocr_carea' id='block_1_2' title="bbox 41 264 1567 1719">
    <p class='ocr_par' dir='ltr' id='par_1_2' title="bbox 41 264 1567 1719">
     <span class='ocr_line' id='line_1_2' title="bbox 102 264 1555 352; baseline -0.003 -36.997"><span class='ocrx_word' id='word_1_3' title='bbox 102 272 307 352; x_wconf 84' lang='grc' dir='ltr'><strong><em>ράσαντες</em></strong></span> <span class='ocrx_word' id='word_1_4' title='bbox 334 272 406 327; x_wconf 71' lang='grc' dir='ltr'><strong><em>τὴν</em></strong></span> <span class='ocrx_word' id='word_1_5' title='bbox 437 273 638 314; x_wconf 83' lang='grc' dir='ltr'><strong><em>Μαιωτιν</em></strong></span> <span class='ocrx_word' id='word_1_6' title='bbox 667 274 813 326; x_wconf 87' lang='grc' dir='ltr'><strong><em>λίμνην</em></strong></span> <span class='ocrx_word' id='word_1_7' title='bbox 850 269 1012 326; x_wconf 75' lang='grc' dir='ltr'><strong><em>ἐλάφου</em></strong></span> <span class='ocrx_word' id='word_1_8' title='bbox 1042 269 1303 325; x_wconf 82' lang='grc' dir='ltr'><strong><em>ἧγησαμὲνης</em></strong></span> <span class='ocrx_word' id='word_1_9' title='bbox 1334 264 1465 324; x_wconf 75' lang='grc' dir='ltr'><strong><em>ἦλθον</em></strong></span> <span class='ocrx_word' id='word_1_10' title='bbox 1495 270 1555 318; x_wconf 81' lang='grc' dir='ltr'><strong><em>εἰς</em></strong></span> 
     </span>
     <span class='ocr_line' id='line_1_3' title="bbox 100 335 1560 414; baseline -0.002 -34"><span class='ocrx_word' id='word_1_11' title='bbox 100 338 174 395; x_wconf 69' lang='grc' dir='ltr'><strong><em>τὴν</em></strong></span> <span class='ocrx_word' id='word_1_12' title='bbox 202 336 381 396; x_wconf 82' lang='grc' dir='ltr'><strong><em>Θράκην,</em></strong></span> <span class='ocrx_word' id='word_1_13' title='bbox 408 355 477 380; x_wconf 90' lang='grc' dir='ltr'><strong><em>και</em></strong></span> <span class='ocrx_word' id='word_1_14' title='bbox 509 335 586 379; x_wconf 77' lang='grc' dir='ltr'><strong><em>δύο</em></strong></span> <span class='ocrx_word' id='word_1_15' title='bbox 612 335 823 392; x_wconf 76' lang='grc' dir='ltr'><em>γεγονότες</em></span> <span class='ocrx_word' id='word_1_16' title='bbox 846 338 956 414; x_wconf 82' lang='grc' dir='ltr'><strong><em>μέρη</em></strong></span> <span class='ocrx_word' id='word_1_17' title='bbox 986 335 1182 391; x_wconf 81' lang='grc' dir='ltr'><strong><em>άλλήλοις</em></strong></span> <span class='ocrx_word' id='word_1_18' title='bbox 1211 335 1429 391; x_wconf 82' lang='grc' dir='ltr'><strong><em>ἐμάχοντο.</em></strong></span> <span class='ocrx_word' id='word_1_19' title='bbox 1485 338 1560 377; x_wconf 73' lang='grc' dir='ltr'><strong><em>κατ’</em></strong></span> 
     </span>
     <span class='ocr_line' id='line_1_4' title="bbox 101 400 1559 460; baseline -0.003 -12"><span class='ocrx_word' id='word_1_20' title='bbox 101 407 353 460; x_wconf 75' lang='grc' dir='ltr'><strong><em>συμμαχίαν</em></strong></span> <span class='ocrx_word' id='word_1_21' title='bbox 391 403 634 457; x_wconf 79' lang='grc' dir='ltr'><em>αἰτήσαντες</em></span> <span class='ocrx_word' id='word_1_22' title='bbox 674 401 714 444; x_wconf 82' lang='grc' dir='ltr'><strong><em>οἱ</em></strong></span> <span class='ocrx_word' id='word_1_23' title='bbox 754 405 828 445; x_wconf 86' lang='grc' dir='ltr'><strong><em>τοῦ</em></strong></span> <span class='ocrx_word' id='word_1_24' title='bbox 859 400 952 451; x_wconf 75' lang='grc' dir='ltr'><strong><em>ἑνὸς</em></strong></span> <span class='ocrx_word' id='word_1_25' title='bbox 978 404 1133 457; x_wconf 81' lang='grc' dir='ltr'><strong><em>μέρους</em></strong></span> <span class='ocrx_word' id='word_1_26' title='bbox 1170 401 1287 458; x_wconf 84' lang='grc' dir='ltr'><strong><em>παρὰ</em></strong></span> <span class='ocrx_word' id='word_1_27' title='bbox 1322 401 1559 451; x_wconf 84' lang='grc' dir='ltr'><strong><em>Ου’άλεντος</em></strong></span> 
     </span>
     <span class='ocr_line' id='line_1_5' title="bbox 102 466 1560 526; baseline -0.005 -11"><span class='ocrx_word' id='word_1_28' title='bbox 102 474 147 516; x_wconf 77' lang='grc' dir='ltr'><strong><em>ἐν</em></strong></span> <span class='ocrx_word' id='word_1_29' title='bbox 174 472 403 526; x_wconf 72' lang='grc' dir='ltr'><strong><em>ὑποσχέσει</em></strong></span> <span class='ocrx_word' id='word_1_30' title='bbox 432 473 506 513; x_wconf 78' lang='grc' dir='ltr'><strong><em>τοῦ</em></strong></span> <span class='ocrx_word' id='word_1_31' title='bbox 537 470 819 525; x_wconf 77' lang='grc' dir='ltr'><strong><em>Χριστιανούς</em></strong></span> <span class='ocrx_word' id='word_1_32' title='bbox 844 471 1054 525; x_wconf 79' lang='grc' dir='ltr'><strong><em>γενέσθαι,</em></strong></span> <span class='ocrx_word' id='word_1_33' title='bbox 1083 466 1180 512; x_wconf 80' lang='grc' dir='ltr'><strong><em>ὅθεν</em></strong></span> <span class='ocrx_word' id='word_1_34' title='bbox 1207 472 1281 512; x_wconf 86' lang='grc' dir='ltr'><strong><em>καί</em></strong></span> <span class='ocrx_word' id='word_1_35' title='bbox 1304 473 1560 523; x_wconf 84' lang='grc' dir='ltr'><strong><em>βαπτισθὲν.</em></strong></span> 
     </span>
     <span class='ocr_line' id='line_1_6' title="bbox 68 531 1556 593; baseline -0.003 -10"><span class='ocrx_word' id='word_1_36' title='bbox 68 549 171 588; x_wconf 78' lang='grc' dir='ltr'><strong><em>ὅτες</em></strong></span> <span class='ocrx_word' id='word_1_37' title='bbox 195 537 411 593; x_wconf 79' lang='grc' dir='ltr'><strong><em>Ἀρειανοί</em></strong></span> <span class='ocrx_word' id='word_1_38' title='bbox 447 537 802 590; x_wconf 83' lang='grc' dir='ltr'><strong><em>α’πεκατέστησαν,</em></strong></span> <span class='ocrx_word' id='word_1_39' title='bbox 852 535 994 585; x_wconf 78' lang='grc' dir='ltr'><strong><em>καθώς</em></strong></span> <span class='ocrx_word' id='word_1_40' title='bbox 1033 531 1084 591; x_wconf 79' lang='grc' dir='ltr'><strong><em>ἦν</em></strong></span> <span class='ocrx_word' id='word_1_41' title='bbox 1113 535 1185 578; x_wconf 77' lang='grc' dir='ltr'><strong><em>καὶ</em></strong></span> <span class='ocrx_word' id='word_1_42' title='bbox 1213 535 1394 591; x_wconf 80' lang='grc' dir='ltr'><strong><em>Ου’άλης.</em></strong></span> <span class='ocrx_word' id='word_1_43' title='bbox 1450 536 1556 590; x_wconf 82' lang='grc' dir='ltr'><strong><em>μετά</em></strong></span> 
     </span>
     <span class='ocr_line' id='line_1_7' title="bbox 102 600 1562 659; baseline -0.003 -11"><span class='ocrx_word' id='word_1_44' title='bbox 102 607 220 648; x_wconf 81' lang='grc' dir='ltr'><strong><em>τοῦτο</em></strong></span> <span class='ocrx_word' id='word_1_45' title='bbox 250 600 327 646; x_wconf 75' lang='grc' dir='ltr'><strong><em>οὖν</em></strong></span> <span class='ocrx_word' id='word_1_46' title='bbox 360 606 405 646; x_wconf 81' lang='grc' dir='ltr'><strong><em>ἐν</em></strong></span> <span class='ocrx_word' id='word_1_47' title='bbox 443 603 577 659; x_wconf 76' lang='grc' dir='ltr'><strong><em>Συρίᾳ</em></strong></span> <span class='ocrx_word' id='word_1_48' title='bbox 617 605 696 644; x_wconf 81' lang='grc' dir='ltr'><strong><em>τοῦ</em></strong></span> <span class='ocrx_word' id='word_1_49' title='bbox 726 600 960 651; x_wconf 71' lang='grc' dir='ltr'><em>Οὐάλεντος</em></span> <span class='ocrx_word' id='word_1_50' title='bbox 996 604 1280 657; x_wconf 76' lang='grc' dir='ltr'><strong><em>διατρίβοντος</em></strong></span> <span class='ocrx_word' id='word_1_51' title='bbox 1328 602 1366 645; x_wconf 84' lang='grc' dir='ltr'><strong><em>οἱ</em></strong></span> <span class='ocrx_word' id='word_1_52' title='bbox 1396 602 1562 645; x_wconf 76' lang='grc' dir='ltr'><strong><em>Σκύθαι</em></strong></span> 
     </span>
     <span class='ocr_line' id='line_1_8' title="bbox 103 667 1560 727; baseline -0.001 -14"><span class='ocrx_word' id='word_1_53' title='bbox 103 670 359 727; x_wconf 76' lang='grc' dir='ltr'><strong><em>περάσαντες</em></strong></span> <span class='ocrx_word' id='word_1_54' title='bbox 388 667 495 711; x_wconf 85' lang='grc' dir='ltr'><strong><em>κατά</em></strong></span> <span class='ocrx_word' id='word_1_55' title='bbox 526 669 597 723; x_wconf 80' lang='grc' dir='ltr'><strong><em>τῆς</em></strong></span> <span class='ocrx_word' id='word_1_56' title='bbox 624 667 784 717; x_wconf 85' lang='grc' dir='ltr'><strong><em>πόλεως</em></strong></span> <span class='ocrx_word' id='word_1_57' title='bbox 813 668 1081 724; x_wconf 80' lang='grc' dir='ltr'><strong><em>εἷσέφρησαν,</em></strong></span> <span class='ocrx_word' id='word_1_58' title='bbox 1111 669 1297 718; x_wconf 76' lang='grc' dir='ltr'><strong><em>σπονδάς</em></strong></span> <span class='ocrx_word' id='word_1_59' title='bbox 1327 670 1386 723; x_wconf 75' lang='grc' dir='ltr'><strong><em>μη</em></strong></span> <span class='ocrx_word' id='word_1_60' title='bbox 1419 668 1560 725; x_wconf 83' lang='grc' dir='ltr'><strong><em>φυλά-</em></strong></span> 
     </span>
     <span class='ocr_line' id='line_1_9' title="bbox 102 733 1564 790; baseline -0.001 -11"><span class='ocrx_word' id='word_1_61' title='bbox 102 739 248 788; x_wconf 83' lang='grc' dir='ltr'><strong><em>ξαντες</em></strong></span> <span class='ocrx_word' id='word_1_62' title='bbox 275 734 382 789; x_wconf 84' lang='grc' dir='ltr'><strong><em>μετά</em></strong></span> <span class='ocrx_word' id='word_1_63' title='bbox 423 734 470 776; x_wconf 85' lang='grc' dir='ltr'><strong><em>τὸ</em></strong></span> <span class='ocrx_word' id='word_1_64' title='bbox 510 736 795 790; x_wconf 74' lang='grc' dir='ltr'><strong><em>βαπτισθῆναι</em></strong></span> <span class='ocrx_word' id='word_1_65' title='bbox 835 733 993 783; x_wconf 75' lang='grc' dir='ltr'><strong><em>αὐτούς</em></strong></span> <span class='ocrx_word' id='word_1_66' title='bbox 1012 749 1022 760; x_wconf 91' lang='grc'><em>·</em></span> <span class='ocrx_word' id='word_1_67' title='bbox 1080 734 1101 777; x_wconf 84' lang='grc' dir='ltr'><em>ὃ</em></span> <span class='ocrx_word' id='word_1_68' title='bbox 1132 737 1178 777; x_wconf 78' lang='grc' dir='ltr'><strong><em>δὲ</em></strong></span> <span class='ocrx_word' id='word_1_69' title='bbox 1210 735 1461 789; x_wconf 80' lang='grc' dir='ltr'><strong><em>καταλαβών</em></strong></span> <span class='ocrx_word' id='word_1_70' title='bbox 1489 736 1564 778; x_wconf 87' lang='grc' dir='ltr'><strong><em>καί</em></strong></span> 
     </span>
     <span class='ocr_line' id='line_1_10' title="bbox 103 798 1563 859; baseline -0.001 -16"><span class='ocrx_word' id='word_1_71' title='bbox 103 799 342 856; x_wconf 80' lang='grc' dir='ltr'><strong><em>πολεμήσας</em></strong></span> <span class='ocrx_word' id='word_1_72' title='bbox 369 798 561 856; x_wconf 74' lang='grc' dir='ltr'><strong><em>ἡττηθείς</em></strong></span> <span class='ocrx_word' id='word_1_73' title='bbox 590 802 820 855; x_wconf 84' lang='grc' dir='ltr'><strong><em>κατέφυγεν</em></strong></span> <span class='ocrx_word' id='word_1_74' title='bbox 848 803 893 843; x_wconf 83' lang='grc' dir='ltr'><strong><em>ἑν</em></strong></span> <span class='ocrx_word' id='word_1_75' title='bbox 910 801 1114 856; x_wconf 80' lang='grc' dir='ltr'><strong><em>α’χυρῶνι,</em></strong></span> <span class='ocrx_word' id='word_1_76' title='bbox 1144 802 1188 843; x_wconf 79' lang='grc' dir='ltr'><strong><em>ἐν</em></strong></span> <span class='ocrx_word' id='word_1_77' title='bbox 1214 802 1357 859; x_wconf 76' lang='grc' dir='ltr'><strong><em>χωρίῳ</em></strong></span> <span class='ocrx_word' id='word_1_78' title='bbox 1382 801 1563 856; x_wconf 79' lang='grc' dir='ltr'><strong><em>Ἀδρια-</em></strong></span> 
     </span>
     <span class='ocr_line' id='line_1_11' title="bbox 46 865 1562 926; baseline 0 -16"><span class='ocrx_word' id='word_1_79' title='bbox 46 866 367 920; x_wconf 73' lang='grc' dir='ltr'><strong><em>ιονουπόλεως’,</em></strong></span> <span class='ocrx_word' id='word_1_80' title='bbox 417 865 490 909; x_wconf 79' lang='grc' dir='ltr'><strong><em>καὶ</em></strong></span> <span class='ocrx_word' id='word_1_81' title='bbox 533 866 714 921; x_wconf 80' lang='grc' dir='ltr'><strong><em>κατεκάη</em></strong></span> <span class='ocrx_word' id='word_1_82' title='bbox 744 869 889 909; x_wconf 78' lang='grc' dir='ltr'><strong><em>ἐκεῖσε.</em></strong></span> <span class='ocrx_word' id='word_1_83' title='bbox 954 866 1059 922; x_wconf 82' lang='grc' dir='ltr'><strong><em>γυνὴ</em></strong></span> <span class='ocrx_word' id='word_1_84' title='bbox 1104 869 1150 910; x_wconf 78' lang='grc' dir='ltr'><strong><em>δὲ</em></strong></span> <span class='ocrx_word' id='word_1_85' title='bbox 1189 867 1326 926; x_wconf 71' lang='grc' dir='ltr'><strong><em>τούτῳ</em></strong></span> <span class='ocrx_word' id='word_1_86' title='bbox 1373 867 1562 921; x_wconf 82' lang='grc' dir='ltr'><strong><em>Δομνίκα</em></strong></span> 
     </span>
     <span class='ocr_line' id='line_1_12' title="bbox 102 931 1564 989; baseline 0 -12"><span class='ocrx_word' id='word_1_87' title='bbox 102 932 298 988; x_wconf 77' lang='grc' dir='ltr'><strong><em>Ἀρειανῆ</em></strong></span> <span class='ocrx_word' id='word_1_88' title='bbox 336 931 566 988; x_wconf 76' lang='grc' dir='ltr'><strong><em>διάπυρος·</em></strong></span> <span class='ocrx_word' id='word_1_89' title='bbox 632 934 878 987; x_wconf 81' lang='grc' dir='ltr'><strong><em>Δημόφιλος</em></strong></span> <span class='ocrx_word' id='word_1_90' title='bbox 908 934 954 975; x_wconf 82' lang='grc' dir='ltr'><strong><em>δὲ</em></strong></span> <span class='ocrx_word' id='word_1_91' title='bbox 993 932 1210 988; x_wconf 83' lang='grc' dir='ltr'><strong><em>Ἀρειανὸς</em></strong></span> <span class='ocrx_word' id='word_1_92' title='bbox 1236 932 1313 989; x_wconf 72' lang='grc' dir='ltr'><strong><em>τὴν</em></strong></span> <span class='ocrx_word' id='word_1_93' title='bbox 1343 935 1564 989; x_wconf 79' lang='grc' dir='ltr'><strong><em>ἐκκλησίαν</em></strong></span> 
     </span>
     <span class='ocr_line' id='line_1_13' title="bbox 99 998 1564 1055; baseline 0 -13"><span class='ocrx_word' id='word_1_94' title='bbox 99 998 162 1042; x_wconf 78' lang='grc' dir='ltr'><strong><em>ἔτι</em></strong></span> <span class='ocrx_word' id='word_1_95' title='bbox 191 1006 369 1054; x_wconf 79' lang='grc' dir='ltr'><strong><em>κατεῖχε.</em></strong></span> <span class='ocrx_word' id='word_1_96' title='bbox 426 998 560 1042; x_wconf 82' lang='grc' dir='ltr'><strong><em>πολλά</em></strong></span> <span class='ocrx_word' id='word_1_97' title='bbox 601 1001 648 1041; x_wconf 75' lang='grc' dir='ltr'><strong><em>δὲ</em></strong></span> <span class='ocrx_word' id='word_1_98' title='bbox 689 999 803 1041; x_wconf 79' lang='grc' dir='ltr'><strong><em>δεινά</em></strong></span> <span class='ocrx_word' id='word_1_99' title='bbox 843 999 1013 1055; x_wconf 75' lang='grc' dir='ltr'><strong><em>Οὐάλης</em></strong></span> <span class='ocrx_word' id='word_1_100' title='bbox 1057 1001 1162 1042; x_wconf 81' lang='grc' dir='ltr'><strong><em>κατά</em></strong></span> <span class='ocrx_word' id='word_1_101' title='bbox 1193 1002 1277 1042; x_wconf 79' lang='grc' dir='ltr'><strong><em>τῶν</em></strong></span> <span class='ocrx_word' id='word_1_102' title='bbox 1322 1000 1564 1054; x_wconf 78' lang='grc' dir='ltr'><strong><em>ὀρθοδόξων</em></strong></span> 
     </span>
     <span class='ocr_line' id='line_1_14' title="bbox 99 1064 1567 1121; baseline 0 -13"><span class='ocrx_word' id='word_1_103' title='bbox 99 1065 352 1120; x_wconf 79' lang='grc' dir='ltr'><strong><em>εἰργάσατο,</em></strong></span> <span class='ocrx_word' id='word_1_104' title='bbox 395 1064 668 1121; x_wconf 74' lang='grc' dir='ltr'><strong><em>ἐμπρησμοὺς</em></strong></span> <span class='ocrx_word' id='word_1_105' title='bbox 706 1066 960 1114; x_wconf 76' lang='grc' dir='ltr'><strong><em>θαλαττίους</em></strong></span> <span class='ocrx_word' id='word_1_106' title='bbox 1005 1064 1087 1108; x_wconf 74' lang='grc' dir='ltr'><strong><em>συν</em></strong></span> <span class='ocrx_word' id='word_1_107' title='bbox 1131 1066 1282 1115; x_wconf 62' lang='grc' dir='ltr'><strong><em>αὐταῖς</em></strong></span> <span class='ocrx_word' id='word_1_108' title='bbox 1326 1067 1454 1120; x_wconf 74' lang='grc' dir='ltr'><strong><em>νηυσί</em></strong></span> <span class='ocrx_word' id='word_1_109' title='bbox 1491 1065 1567 1108; x_wconf 82' lang='grc' dir='ltr'><strong><em>καί</em></strong></span> 
     </span>
     <span class='ocr_line' id='line_1_15' title="bbox 100 1125 1565 1186; baseline 0.001 -13"><span class='ocrx_word' id='word_1_110' title='bbox 100 1132 304 1186; x_wconf 79' lang='grc' dir='ltr'><strong><em>πνιγμοὺς</em></strong></span> <span class='ocrx_word' id='word_1_111' title='bbox 344 1134 388 1175; x_wconf 79' lang='grc' dir='ltr'><strong><em>ἐν</em></strong></span> <span class='ocrx_word' id='word_1_112' title='bbox 417 1130 547 1174; x_wconf 68' lang='grc' dir='ltr'><strong><em>ὕδασι</em></strong></span> <span class='ocrx_word' id='word_1_113' title='bbox 577 1131 649 1173; x_wconf 80' lang='grc' dir='ltr'><strong><em>καί</em></strong></span> <span class='ocrx_word' id='word_1_114' title='bbox 688 1133 906 1186; x_wconf 81' lang='grc' dir='ltr'><strong><em>βασάνους</em></strong></span> <span class='ocrx_word' id='word_1_115' title='bbox 935 1126 1067 1180; x_wconf 73' lang='grc' dir='ltr'><strong><em>ἄλλας</em></strong></span> <span class='ocrx_word' id='word_1_116' title='bbox 1094 1131 1265 1181; x_wconf 86' lang='grc' dir='ltr'><strong><em>πολλάς.</em></strong></span> <span class='ocrx_word' id='word_1_117' title='bbox 1324 1133 1464 1174; x_wconf 80' lang='grc' dir='ltr'><strong><em>πᾶσαν</em></strong></span> <span class='ocrx_word' id='word_1_118' title='bbox 1488 1125 1565 1174; x_wconf 69' lang='grc' dir='ltr'><strong><em>οὖν</em></strong></span> 
     </span>
     <span class='ocr_line' id='line_1_16' title="bbox 45 1193 1562 1254; baseline 0.001 -16"><span class='ocrx_word' id='word_1_119' title='bbox 45 1200 321 1253; x_wconf 84' lang='grc' dir='ltr'><strong><em>15ἑκκλησιάν</em></strong></span> <span class='ocrx_word' id='word_1_120' title='bbox 367 1197 586 1253; x_wconf 71' lang='grc' dir='ltr'><strong><em>πορθήσας</em></strong></span> <span class='ocrx_word' id='word_1_121' title='bbox 624 1193 723 1253; x_wconf 81' lang='grc' dir='ltr'><strong><em>ἧκεν</em></strong></span> <span class='ocrx_word' id='word_1_122' title='bbox 758 1200 818 1247; x_wconf 82' lang='grc' dir='ltr'><strong><em>εἰς</em></strong></span> <span class='ocrx_word' id='word_1_123' title='bbox 854 1199 1142 1254; x_wconf 84' lang='grc' dir='ltr'><strong><em>Καισάρειαν,</em></strong></span> <span class='ocrx_word' id='word_1_124' title='bbox 1184 1197 1288 1241; x_wconf 83' lang='grc' dir='ltr'><strong><em>κατά</em></strong></span> <span class='ocrx_word' id='word_1_125' title='bbox 1327 1196 1562 1241; x_wconf 87' lang='grc' dir='ltr'><strong><em>Βασιλείου</em></strong></span> 
     </span>
     <span class='ocr_line' id='line_1_17' title="bbox 100 1261 1563 1321; baseline 0 -15"><span class='ocrx_word' id='word_1_126' title='bbox 100 1264 262 1320; x_wconf 82' lang='grc' dir='ltr'><strong><em>πράξας</em></strong></span> <span class='ocrx_word' id='word_1_127' title='bbox 293 1261 362 1308; x_wconf 84' lang='grc' dir='ltr'><strong><em>οἷα</em></strong></span> <span class='ocrx_word' id='word_1_128' title='bbox 393 1267 467 1308; x_wconf 86' lang='grc' dir='ltr'><em>καί</em></span> <span class='ocrx_word' id='word_1_129' title='bbox 495 1264 517 1307; x_wconf 79' lang='grc' dir='ltr'>ὅ</span> <span class='ocrx_word' id='word_1_130' title='bbox 544 1265 738 1319; x_wconf 86' lang='grc' dir='ltr'><strong><em>θεολόγος</em></strong></span> <span class='ocrx_word' id='word_1_131' title='bbox 766 1267 826 1315; x_wconf 81' lang='grc' dir='ltr'><strong><em>εἰς</em></strong></span> <span class='ocrx_word' id='word_1_132' title='bbox 857 1264 926 1307; x_wconf 90' lang='grc' dir='ltr'><strong><em>τὸν</em></strong></span> <span class='ocrx_word' id='word_1_133' title='bbox 952 1264 1179 1321; x_wconf 81' lang='grc' dir='ltr'><strong><em>ἐπιτάφιον</em></strong></span> <span class='ocrx_word' id='word_1_134' title='bbox 1205 1267 1431 1321; x_wconf 81' lang='grc' dir='ltr'><strong><em>γέγραφεν,</em></strong></span> <span class='ocrx_word' id='word_1_135' title='bbox 1463 1261 1563 1306; x_wconf 80' lang='grc' dir='ltr'><strong><em>ὅταν</em></strong></span> 
     </span>
     <span class='ocr_line' id='line_1_18' title="bbox 99 1328 1562 1390; baseline -0.001 -16"><span class='ocrx_word' id='word_1_136' title='bbox 99 1333 173 1374; x_wconf 86' lang='grc' dir='ltr'>καί</span> <span class='ocrx_word' id='word_1_137' title='bbox 217 1333 422 1382; x_wconf 88' lang='grc' dir='ltr'><strong><em>Γαλάτιος</em></strong></span> <span class='ocrx_word' id='word_1_138' title='bbox 460 1330 550 1380; x_wconf 84' lang='grc' dir='ltr'><strong><em>υἱὸς</em></strong></span> <span class='ocrx_word' id='word_1_139' title='bbox 584 1333 819 1386; x_wconf 74' lang='grc' dir='ltr'><strong><em>Ου’άλεντος</em></strong></span> <span class='ocrx_word' id='word_1_140' title='bbox 845 1334 918 1373; x_wconf 86' lang='grc' dir='ltr'><em>καί</em></span> <span class='ocrx_word' id='word_1_141' title='bbox 954 1328 981 1386; x_wconf 79' lang='grc' dir='ltr'><em>ἦ</em></span> <span class='ocrx_word' id='word_1_142' title='bbox 1026 1332 1205 1385; x_wconf 78' lang='grc' dir='ltr'><strong><em>σύμβιος</em></strong></span> <span class='ocrx_word' id='word_1_143' title='bbox 1228 1331 1424 1383; x_wconf 60' lang='grc' dir='ltr'><strong><em>ΥΔομνίκα</em></strong></span> <span class='ocrx_word' id='word_1_144' title='bbox 1454 1329 1562 1390; x_wconf 77' lang='grc' dir='ltr'><strong><em>νόσῳ</em></strong></span> 
     </span>
     <span class='ocr_line' id='line_1_19' title="bbox 98 1395 1563 1454; baseline -0.001 -16"><span class='ocrx_word' id='word_1_145' title='bbox 98 1399 265 1454; x_wconf 80' lang='grc' dir='ltr'><strong><em>χαλεπῇ</em></strong></span> <span class='ocrx_word' id='word_1_146' title='bbox 313 1395 645 1452; x_wconf 81' lang='grc' dir='ltr'><strong><em>ἐχειμάσθησαν.</em></strong></span> <span class='ocrx_word' id='word_1_147' title='bbox 718 1396 791 1438; x_wconf 83' lang='grc' dir='ltr'><em>καί</em></span> <span class='ocrx_word' id='word_1_148' title='bbox 818 1400 1119 1452; x_wconf 83' lang='grc' dir='ltr'><strong><em>Δημοσθένους</em></strong></span> <span class='ocrx_word' id='word_1_149' title='bbox 1145 1398 1192 1438; x_wconf 72' lang='grc' dir='ltr'><strong><em>δὲ</em></strong></span> <span class='ocrx_word' id='word_1_150' title='bbox 1222 1395 1313 1445; x_wconf 72' lang='grc' dir='ltr'><strong><em>ἑνὸς</em></strong></span> <span class='ocrx_word' id='word_1_151' title='bbox 1341 1398 1425 1439; x_wconf 73' lang='grc' dir='ltr'><strong><em>τῶν</em></strong></span> <span class='ocrx_word' id='word_1_152' title='bbox 1453 1397 1563 1450; x_wconf 80' lang='grc' dir='ltr'><strong><em>ὀψο-</em></strong></span> 
     </span>
     <span class='ocr_line' id='line_1_20' title="bbox 101 1462 1563 1521; baseline -0.001 -17"><span class='ocrx_word' id='word_1_153' title='bbox 101 1465 233 1504; x_wconf 79' lang='grc' dir='ltr'><strong><em>ποιῶν</em></strong></span> <span class='ocrx_word' id='word_1_154' title='bbox 265 1464 499 1512; x_wconf 86' lang='grc' dir='ltr'><strong><em>Ου’άλεντος</em></strong></span> <span class='ocrx_word' id='word_1_155' title='bbox 539 1466 583 1506; x_wconf 80' lang='grc' dir='ltr'><strong><em>ἐν</em></strong></span> <span class='ocrx_word' id='word_1_156' title='bbox 611 1466 661 1520; x_wconf 83' lang='grc' dir='ltr'><strong><em>τῇ</em></strong></span> <span class='ocrx_word' id='word_1_157' title='bbox 692 1462 834 1521; x_wconf 73' lang='grc' dir='ltr'><strong><em>ὁμιλίᾳ</em></strong></span> <span class='ocrx_word' id='word_1_158' title='bbox 873 1465 923 1520; x_wconf 81' lang='grc' dir='ltr'><strong><em>τῇ</em></strong></span> <span class='ocrx_word' id='word_1_159' title='bbox 954 1463 1059 1517; x_wconf 85' lang='grc' dir='ltr'><strong><em>πρὸς</em></strong></span> <span class='ocrx_word' id='word_1_160' title='bbox 1095 1462 1309 1505; x_wconf 78' lang='grc' dir='ltr'><strong><em>Ου’άλεντα</em></strong></span> <span class='ocrx_word' id='word_1_161' title='bbox 1337 1467 1563 1519; x_wconf 84' lang='grc' dir='ltr'><strong><em>μεμφομέ.</em></strong></span> 
     </span>
     <span class='ocr_line' id='line_1_21' title="bbox 41 1528 1561 1584; baseline -0.001 -13"><span class='ocrx_word' id='word_1_162' title='bbox 41 1536 88 1571; x_wconf 82' lang='grc'><strong><em>20</em></strong></span> <span class='ocrx_word' id='word_1_163' title='bbox 103 1545 177 1572; x_wconf 91' lang='grc' dir='ltr'><strong><em>νου</em></strong></span> <span class='ocrx_word' id='word_1_164' title='bbox 193 1530 418 1572; x_wconf 85' lang='grc' dir='ltr'><strong><em>Βασίλειον</em></strong></span> <span class='ocrx_word' id='word_1_165' title='bbox 439 1531 512 1572; x_wconf 84' lang='grc' dir='ltr'><em>καί</em></span> <span class='ocrx_word' id='word_1_166' title='bbox 529 1533 878 1584; x_wconf 80' lang='grc' dir='ltr'><strong><em>βαρβαρίσαντος,</em></strong></span> <span class='ocrx_word' id='word_1_167' title='bbox 907 1532 1036 1571; x_wconf 82' lang='grc' dir='ltr'><strong><em>εἰπεῖν</em></strong></span> <span class='ocrx_word' id='word_1_168' title='bbox 1057 1528 1130 1572; x_wconf 85' lang='grc' dir='ltr'><strong><em>τὸν</em></strong></span> <span class='ocrx_word' id='word_1_169' title='bbox 1159 1529 1412 1571; x_wconf 72' lang='grc' dir='ltr'><strong><em>διδάσκαλον</em></strong></span> <span class='ocrx_word' id='word_1_170' title='bbox 1437 1530 1561 1572; x_wconf 61' lang='lat'><strong><em>“8600</em></strong></span> 
     </span>
     <span class='ocr_line' id='line_1_22' title="bbox 100 1594 1563 1652; baseline 0 -14"><span class='ocrx_word' id='word_1_171' title='bbox 100 1595 377 1649; x_wconf 76' lang='grc' dir='ltr'><strong><em>ἐθεασάμεθα</em></strong></span> <span class='ocrx_word' id='word_1_172' title='bbox 407 1595 480 1638; x_wconf 82' lang='grc' dir='ltr'>καί</span> <span class='ocrx_word' id='word_1_173' title='bbox 506 1599 784 1652; x_wconf 84' lang='grc' dir='ltr'><strong><em>Δημοσθένην</em></strong></span> <span class='ocrx_word' id='word_1_174' title='bbox 810 1595 1126 1650; x_wconf 85' lang='grc' dir='ltr'><strong><em>α’γράμματον.”</em></strong></span> <span class='ocrx_word' id='word_1_175' title='bbox 1181 1594 1359 1644; x_wconf 75' lang='grc' dir='ltr'><strong><em>πολλοὺς</em></strong></span> <span class='ocrx_word' id='word_1_176' title='bbox 1395 1594 1563 1652; x_wconf 83' lang='grc' dir='ltr'><strong><em>Ου’άλης</em></strong></span> 
     </span>
     <span class='ocr_line' id='line_1_23' title="bbox 98 1659 1560 1719; baseline 0.002 -16"><span class='ocrx_word' id='word_1_177' title='bbox 98 1661 324 1719; x_wconf 76' lang='grc' dir='ltr'><strong><em>ἐφόνευσεν</em></strong></span> <span class='ocrx_word' id='word_1_178' title='bbox 351 1660 659 1719; x_wconf 78' lang='grc' dir='ltr'><strong><em>ὗπονοηθέντας</em></strong></span> <span class='ocrx_word' id='word_1_179' title='bbox 687 1664 925 1716; x_wconf 85' lang='grc' dir='ltr'><strong><em>βασιλεύειν</em></strong></span> <span class='ocrx_word' id='word_1_180' title='bbox 942 1659 1022 1704; x_wconf 78' lang='grc' dir='ltr'><strong><em>ἀπὸ</em></strong></span> <span class='ocrx_word' id='word_1_181' title='bbox 1055 1663 1132 1705; x_wconf 79' lang='grc' dir='ltr'><strong><em>τοῦ</em></strong></span> <span class='ocrx_word' id='word_1_182' title='bbox 1157 1665 1270 1718; x_wconf 77' lang='grc' dir='ltr'><strong><em>θῆτα</em></strong></span> <span class='ocrx_word' id='word_1_183' title='bbox 1298 1663 1560 1719; x_wconf 83' lang='grc' dir='ltr'><strong><em>γράμματος.</em></strong></span> 
     </span>
    </p>
   </div>
   <div class='ocr_carea' id='block_1_3' title="bbox 191 1775 1559 1924">
    <p class='ocr_par' dir='ltr' id='par_1_3' title="bbox 191 1775 1559 1924">
     <span class='ocr_line' id='line_1_24' title="bbox 191 1775 1559 1835; baseline 0.001 -21"><span class='ocrx_word' id='word_1_184' title='bbox 191 1793 255 1820; x_wconf 83' lang='grc' dir='ltr'><strong><em>τος</em></strong></span> <span class='ocrx_word' id='word_1_185' title='bbox 295 1778 339 1824; x_wconf 83' lang='grc' dir='ltr'><strong><em>ἦν</em></strong></span> <span class='ocrx_word' id='word_1_186' title='bbox 370 1778 436 1823; x_wconf 54' lang='grc' dir='ltr'><strong><em>τὶν</em></strong></span> <span class='ocrx_word' id='word_1_187' title='bbox 474 1781 619 1824; x_wconf 71' lang='grc' dir='ltr'><strong><em>ἡλικίαν</em></strong></span> <span class='ocrx_word' id='word_1_188' title='bbox 650 1781 844 1835; x_wconf 79' lang='grc' dir='ltr'><strong><em>διιιοιρίαν</em></strong></span> <span class='ocrx_word' id='word_1_189' title='bbox 870 1782 992 1826; x_wconf 82' lang='grc' dir='ltr'><strong><em>ἔχων,</em></strong></span> <span class='ocrx_word' id='word_1_190' title='bbox 1020 1779 1188 1824; x_wconf 74' lang='grc' dir='ltr'><strong><em>αὐθάδης</em></strong></span> <span class='ocrx_word' id='word_1_191' title='bbox 1225 1775 1291 1816; x_wconf 82' lang='grc' dir='ltr'><strong><em>τὸν</em></strong></span> <span class='ocrx_word' id='word_1_192' title='bbox 1328 1781 1471 1827; x_wconf 81' lang='grc' dir='ltr'><strong><em>τρόπον</em></strong></span> <span class='ocrx_word' id='word_1_193' title='bbox 1495 1783 1559 1816; x_wconf 78' lang='grc' dir='ltr'><strong><em>και</em></strong></span> 
     </span>
     <span class='ocr_line' id='line_1_25' title="bbox 193 1824 1558 1887; baseline 0.001 -25"><span class='ocrx_word' id='word_1_194' title='bbox 193 1828 462 1886; x_wconf 62' lang='lat' dir='ltr'><strong><em>finsoqqoevog,</em></strong></span> <span class='ocrx_word' id='word_1_195' title='bbox 509 1831 572 1862; x_wconf 81' lang='grc' dir='ltr'><strong><em>καὶ</em></strong></span> <span class='ocrx_word' id='word_1_196' title='bbox 603 1825 699 1874; x_wconf 82' lang='grc' dir='ltr'><strong><em>πρὸς</em></strong></span> <span class='ocrx_word' id='word_1_197' title='bbox 733 1829 903 1882; x_wconf 79' lang='grc' dir='ltr'><strong><em>αιμάτων</em></strong></span> <span class='ocrx_word' id='word_1_198' title='bbox 923 1828 1054 1874; x_wconf 84' lang='grc' dir='ltr'><strong><em>χύσεις</em></strong></span> <span class='ocrx_word' id='word_1_199' title='bbox 1091 1828 1351 1887; x_wconf 73' lang='grc' dir='ltr'><strong><em>ἕτοιμοτάτους</em></strong></span> <span class='ocrx_word' id='word_1_200' title='bbox 1373 1831 1469 1875; x_wconf 82' lang='grc' dir='ltr'><strong><em>ἔχων</em></strong></span> <span class='ocrx_word' id='word_1_201' title='bbox 1492 1824 1558 1868; x_wconf 75' lang='grc' dir='ltr'><strong><em>τάς</em></strong></span> 
     </span>
     <span class='ocr_line' id='line_1_26' title="bbox 196 1873 1368 1924; baseline -0.003 -12"><span class='ocrx_word' id='word_1_202' title='bbox 196 1882 351 1924; x_wconf 58' lang='grc' dir='ltr'><strong><em>φρένας,</em></strong></span> <span class='ocrx_word' id='word_1_203' title='bbox 376 1875 602 1923; x_wconf 70' lang='grc' dir='ltr'><strong><em>ἀσυμπαθὴς</em></strong></span> <span class='ocrx_word' id='word_1_204' title='bbox 627 1888 663 1911; x_wconf 82' lang='grc' dir='ltr'><strong><em>τε</em></strong></span> <span class='ocrx_word' id='word_1_205' title='bbox 690 1880 754 1911; x_wconf 80' lang='grc' dir='ltr'><strong><em>καὶ</em></strong></span> <span class='ocrx_word' id='word_1_206' title='bbox 777 1873 919 1915; x_wconf 80' lang='grc' dir='ltr'><strong><em>παντὸς</em></strong></span> <span class='ocrx_word' id='word_1_207' title='bbox 952 1878 1072 1915; x_wconf 76' lang='grc' dir='ltr'><strong><em>ἑλεους</em></strong></span> <span class='ocrx_word' id='word_1_208' title='bbox 1096 1875 1298 1923; x_wconf 78' lang='grc' dir='ltr'><strong><em>ἀλλότριος.</em></strong></span> <span class='ocrx_word' id='word_1_209' title='bbox 1323 1889 1368 1909; x_wconf 88' lang='lat' dir='ltr'><strong><em>m.</em></strong></span> 
     </span>
    </p>
   </div>
   <div class='ocr_carea' id='block_1_4' title="bbox 96 1988 1557 2792">
    <p class='ocr_par' dir='ltr' id='par_1_4' title="bbox 96 1988 1557 2792">
     <span class='ocr_line' id='line_1_27' title="bbox 100 1988 1557 2035; baseline -0.001 -12"><span class='ocrx_word' id='word_1_210' title='bbox 100 1991 211 2035; x_wconf 80' lang='lat' dir='ltr'>gressi</span> <span class='ocrx_word' id='word_1_211' title='bbox 237 1989 393 2024; x_wconf 81' lang='lat' dir='ltr'>ducente</span> <span class='ocrx_word' id='word_1_212' title='bbox 417 2001 520 2023; x_wconf 85' lang='lat' dir='ltr'>cerva</span> <span class='ocrx_word' id='word_1_213' title='bbox 551 1991 590 2023; x_wconf 88' lang='lat' dir='ltr'>in</span> <span class='ocrx_word' id='word_1_214' title='bbox 613 1989 803 2024; x_wconf 80' lang='lat' dir='ltr'>Thraciam</span> <span class='ocrx_word' id='word_1_215' title='bbox 836 1994 1032 2030; x_wconf 78' lang='lat' dir='ltr'>venerunt,</span> <span class='ocrx_word' id='word_1_216' title='bbox 1068 1995 1105 2024; x_wconf 89' lang='lat' dir='ltr'>et</span> <span class='ocrx_word' id='word_1_217' title='bbox 1131 1991 1168 2024; x_wconf 91' lang='lat' dir='ltr'>in</span> <span class='ocrx_word' id='word_1_218' title='bbox 1194 1989 1283 2023; x_wconf 82' lang='lat' dir='ltr'>duas</span> <span class='ocrx_word' id='word_1_219' title='bbox 1308 1995 1427 2035; x_wconf 85' lang='lat' dir='ltr'>partes</span> <span class='ocrx_word' id='word_1_220' title='bbox 1451 1988 1557 2022; x_wconf 85' lang='lat' dir='ltr'>divisi</span> 
     </span>
     <span class='ocr_line' id='line_1_28' title="bbox 96 2036 1556 2083; baseline -0.001 -13"><span class='ocrx_word' id='word_1_221' title='bbox 96 2037 169 2079; x_wconf 24' lang='lat' dir='ltr'>&#39;sibi</span> <span class='ocrx_word' id='word_1_222' title='bbox 199 2038 350 2071; x_wconf 85' lang='lat' dir='ltr'>invicem</span> <span class='ocrx_word' id='word_1_223' title='bbox 375 2038 511 2070; x_wconf 90' lang='lat' dir='ltr'>bellum</span> <span class='ocrx_word' id='word_1_224' title='bbox 540 2038 753 2071; x_wconf 83' lang='lat' dir='ltr'>intulerunt.</span> <span class='ocrx_word' id='word_1_225' title='bbox 811 2048 963 2083; x_wconf 89' lang='lat' dir='ltr'>quorum</span> <span class='ocrx_word' id='word_1_226' title='bbox 990 2038 1101 2070; x_wconf 86' lang='lat' dir='ltr'>altera</span> <span class='ocrx_word' id='word_1_227' title='bbox 1125 2049 1204 2083; x_wconf 83' lang='lat' dir='ltr'>pars</span> <span class='ocrx_word' id='word_1_228' title='bbox 1229 2050 1249 2071; x_wconf 85' lang='lat' dir='ltr'>a</span> <span class='ocrx_word' id='word_1_229' title='bbox 1272 2038 1426 2071; x_wconf 77' lang='lat' dir='ltr'>Valente</span> <span class='ocrx_word' id='word_1_230' title='bbox 1451 2036 1556 2069; x_wconf 80' lang='lat' dir='ltr'>auxi-</span> 
     </span>
     <span class='ocr_line' id='line_1_29' title="bbox 100 2082 1555 2130; baseline -0.001 -12"><span class='ocrx_word' id='word_1_231' title='bbox 100 2086 188 2118; x_wconf 86' lang='lat' dir='ltr'>lium</span> <span class='ocrx_word' id='word_1_232' title='bbox 224 2086 332 2130; x_wconf 85' lang='lat' dir='ltr'>petiit</span> <span class='ocrx_word' id='word_1_233' title='bbox 373 2091 410 2118; x_wconf 85' lang='lat' dir='ltr'>et</span> <span class='ocrx_word' id='word_1_234' title='bbox 437 2085 674 2119; x_wconf 78' lang='lat' dir='ltr'>Christianam</span> <span class='ocrx_word' id='word_1_235' title='bbox 707 2084 812 2118; x_wconf 79' lang='lat' dir='ltr'><strong><em>fidem</em></strong></span> <span class='ocrx_word' id='word_1_236' title='bbox 852 2096 887 2117; x_wconf 89' lang='lat' dir='ltr'>se</span> <span class='ocrx_word' id='word_1_237' title='bbox 927 2085 1096 2130; x_wconf 80' lang='lat' dir='ltr'><strong>amplecti</strong></span> <span class='ocrx_word' id='word_1_238' title='bbox 1130 2085 1224 2118; x_wconf 83' lang='lat' dir='ltr'>velle</span> <span class='ocrx_word' id='word_1_239' title='bbox 1260 2084 1442 2130; x_wconf 76' lang='lat' dir='ltr'><strong>promisit,</strong></span> <span class='ocrx_word' id='word_1_240' title='bbox 1469 2082 1555 2116; x_wconf 82' lang='lat' dir='ltr'>inde</span> 
     </span>
     <span class='ocr_line' id='line_1_30' title="bbox 99 2131 1555 2178; baseline -0.001 -13"><span class='ocrx_word' id='word_1_241' title='bbox 99 2133 272 2178; x_wconf 81' lang='lat' dir='ltr'>baptizati</span> <span class='ocrx_word' id='word_1_242' title='bbox 297 2133 417 2166; x_wconf 79' lang='lat' dir='ltr'>Ariani</span> <span class='ocrx_word' id='word_1_243' title='bbox 459 2133 544 2166; x_wconf 84' lang='lat' dir='ltr'>sacti</span> <span class='ocrx_word' id='word_1_244' title='bbox 572 2139 667 2173; x_wconf 85' lang='lat' dir='ltr'>sunt,</span> <span class='ocrx_word' id='word_1_245' title='bbox 696 2134 865 2178; x_wconf 86' lang='lat' dir='ltr'>quoniam</span> <span class='ocrx_word' id='word_1_246' title='bbox 889 2133 1022 2165; x_wconf 84' lang='lat' dir='ltr'>Valens</span> <span class='ocrx_word' id='word_1_247' title='bbox 1062 2133 1222 2166; x_wconf 80' lang='lat' dir='ltr'>Arianus.</span> <span class='ocrx_word' id='word_1_248' title='bbox 1271 2131 1420 2177; x_wconf 87' lang='lat' dir='ltr'>posthac</span> <span class='ocrx_word' id='word_1_249' title='bbox 1445 2142 1555 2176; x_wconf 87' lang='lat' dir='ltr'>quum</span> 
     </span>
     <span class='ocr_line' id='line_1_31' title="bbox 103 2179 1554 2224; baseline -0.002 -11"><span class='ocrx_word' id='word_1_250' title='bbox 103 2179 231 2213; x_wconf 83' lang='lat' dir='ltr'>Valens</span> <span class='ocrx_word' id='word_1_251' title='bbox 256 2181 293 2213; x_wconf 87' lang='lat' dir='ltr'>in</span> <span class='ocrx_word' id='word_1_252' title='bbox 317 2181 416 2223; x_wconf 85' lang='lat' dir='ltr'>Syria</span> <span class='ocrx_word' id='word_1_253' title='bbox 448 2186 552 2220; x_wconf 79' lang='lat' dir='ltr'>esset,</span> <span class='ocrx_word' id='word_1_254' title='bbox 582 2180 692 2213; x_wconf 81' lang='lat' dir='ltr'>Gothi</span> <span class='ocrx_word' id='word_1_255' title='bbox 720 2181 807 2212; x_wconf 86' lang='lat' dir='ltr'>fines</span> <span class='ocrx_word' id='word_1_256' title='bbox 834 2179 1041 2223; x_wconf 78' lang='lat' dir='ltr'>transgressi</span> <span class='ocrx_word' id='word_1_257' title='bbox 1071 2180 1194 2212; x_wconf 82' lang='lat' dir='ltr'>urbem</span> <span class='ocrx_word' id='word_1_258' title='bbox 1225 2180 1410 2223; x_wconf 82' lang='lat' dir='ltr'>petierunt</span> <span class='ocrx_word' id='word_1_259' title='bbox 1438 2179 1554 2224; x_wconf 82' lang='lat' dir='ltr'>ruptis</span> 
     </span>
     <span class='ocr_line' id='line_1_32' title="bbox 99 2225 1554 2272; baseline -0.001 -13"><span class='ocrx_word' id='word_1_260' title='bbox 99 2232 182 2272; x_wconf 83' lang='lat' dir='ltr'>post</span> <span class='ocrx_word' id='word_1_261' title='bbox 206 2228 380 2272; x_wconf 85' lang='lat' dir='ltr'>baptisma</span> <span class='ocrx_word' id='word_1_262' title='bbox 416 2228 514 2272; x_wconf 80' lang='lat' dir='ltr'>pacis</span> <span class='ocrx_word' id='word_1_263' title='bbox 553 2227 838 2260; x_wconf 86' lang='lat' dir='ltr'>conditionibus.</span> <span class='ocrx_word' id='word_1_264' title='bbox 888 2226 1022 2260; x_wconf 83' lang='lat' dir='ltr'>Valens</span> <span class='ocrx_word' id='word_1_265' title='bbox 1049 2226 1189 2260; x_wconf 85' lang='lat' dir='ltr'>obviam</span> <span class='ocrx_word' id='word_1_266' title='bbox 1216 2227 1259 2259; x_wconf 84' lang='lat' dir='ltr'><strong><em>iis</em></strong></span> <span class='ocrx_word' id='word_1_267' title='bbox 1288 2228 1470 2272; x_wconf 79' lang='lat' dir='ltr'>prosectus</span> <span class='ocrx_word' id='word_1_268' title='bbox 1497 2225 1554 2258; x_wconf 87' lang='lat' dir='ltr'>di-</span> 
     </span>
     <span class='ocr_line' id='line_1_33' title="bbox 99 2272 1554 2318; baseline -0.001 -12"><span class='ocrx_word' id='word_1_269' title='bbox 99 2275 252 2315; x_wconf 79' lang='lat' dir='ltr'><strong>micavit,</strong></span> <span class='ocrx_word' id='word_1_270' title='bbox 277 2276 391 2307; x_wconf 85' lang='lat' dir='ltr'>victus</span> <span class='ocrx_word' id='word_1_271' title='bbox 418 2281 535 2308; x_wconf 89' lang='lat' dir='ltr'>autem</span> <span class='ocrx_word' id='word_1_272' title='bbox 570 2275 608 2308; x_wconf 91' lang='lat' dir='ltr'>in</span> <span class='ocrx_word' id='word_1_273' title='bbox 648 2275 728 2318; x_wconf 80' lang='lat' dir='ltr'>fuga</span> <span class='ocrx_word' id='word_1_274' title='bbox 766 2274 832 2306; x_wconf 90' lang='lat' dir='ltr'>sub</span> <span class='ocrx_word' id='word_1_275' title='bbox 861 2274 965 2318; x_wconf 82' lang='lat' dir='ltr'>palea</span> <span class='ocrx_word' id='word_1_276' title='bbox 999 2285 1037 2306; x_wconf 85' lang='lat' dir='ltr'>se</span> <span class='ocrx_word' id='word_1_277' title='bbox 1060 2273 1302 2314; x_wconf 80' lang='lat' dir='ltr'>abscondidit,</span> <span class='ocrx_word' id='word_1_278' title='bbox 1326 2274 1452 2318; x_wconf 85' lang='lat' dir='ltr'>ibique</span> <span class='ocrx_word' id='word_1_279' title='bbox 1479 2272 1554 2316; x_wconf 81' lang='lat' dir='ltr'>igni</span> 
     </span>
     <span class='ocr_line' id='line_1_34' title="bbox 99 2320 1554 2367; baseline -0.001 -14"><span class='ocrx_word' id='word_1_280' title='bbox 99 2322 220 2367; x_wconf 86' lang='lat' dir='ltr'>periit.</span> <span class='ocrx_word' id='word_1_281' title='bbox 270 2332 359 2355; x_wconf 82' lang='lat' dir='ltr'>uxor</span> <span class='ocrx_word' id='word_1_282' title='bbox 384 2323 459 2354; x_wconf 85' lang='lat' dir='ltr'>eius</span> <span class='ocrx_word' id='word_1_283' title='bbox 484 2322 658 2354; x_wconf 87' lang='lat' dir='ltr'>dominica</span> <span class='ocrx_word' id='word_1_284' title='bbox 675 2322 802 2354; x_wconf 79' lang='lat' dir='ltr'>Ariana</span> <span class='ocrx_word' id='word_1_285' title='bbox 829 2322 898 2354; x_wconf 88' lang='lat' dir='ltr'>fuit</span> <span class='ocrx_word' id='word_1_286' title='bbox 920 2321 1074 2362; x_wconf 74' lang='lat' dir='ltr'>fervida3</span> <span class='ocrx_word' id='word_1_287' title='bbox 1100 2322 1283 2354; x_wconf 84' lang='lat' dir='ltr'>ecclesiam</span> <span class='ocrx_word' id='word_1_288' title='bbox 1310 2321 1462 2357; x_wconf 15' lang='lat' dir='ltr'>tenebat*</span> <span class='ocrx_word' id='word_1_289' title='bbox 1481 2320 1554 2352; x_wconf 89' lang='lat' dir='ltr'><strong><em>De-</em></strong></span> 
     </span>
     <span class='ocr_line' id='line_1_35' title="bbox 100 2367 1552 2414; baseline 0 -14"><span class='ocrx_word' id='word_1_290' title='bbox 100 2367 279 2414; x_wconf 85' lang='lat' dir='ltr'>mophilus</span> <span class='ocrx_word' id='word_1_291' title='bbox 316 2369 480 2402; x_wconf 85' lang='lat' dir='ltr'>Arianus.</span> <span class='ocrx_word' id='word_1_292' title='bbox 544 2369 677 2402; x_wconf 81' lang='lat' dir='ltr'>Valens</span> <span class='ocrx_word' id='word_1_293' title='bbox 712 2369 832 2401; x_wconf 85' lang='lat' dir='ltr'>multis</span> <span class='ocrx_word' id='word_1_294' title='bbox 866 2369 967 2401; x_wconf 79' lang='lat' dir='ltr'>malis</span> <span class='ocrx_word' id='word_1_295' title='bbox 1006 2368 1224 2402; x_wconf 85' lang='lat' dir='ltr'>orthodoxos</span> <span class='ocrx_word' id='word_1_296' title='bbox 1253 2368 1486 2407; x_wconf 76' lang='lat' dir='ltr'>excruciavit,</span> <span class='ocrx_word' id='word_1_297' title='bbox 1515 2367 1552 2400; x_wconf 87' lang='lat' dir='ltr'>in</span> 
     </span>
     <span class='ocr_line' id='line_1_36' title="bbox 99 2414 1551 2461; baseline -0.001 -13"><span class='ocrx_word' id='word_1_298' title='bbox 99 2416 187 2448; x_wconf 82' lang='lat' dir='ltr'>mari</span> <span class='ocrx_word' id='word_1_299' title='bbox 215 2425 276 2447; x_wconf 83' lang='lat' dir='ltr'>eos</span> <span class='ocrx_word' id='word_1_300' title='bbox 315 2427 392 2448; x_wconf 90' lang='lat' dir='ltr'><strong><em>cum</em></strong></span> <span class='ocrx_word' id='word_1_301' title='bbox 435 2415 585 2450; x_wconf 85' lang='lat' dir='ltr'>navibus</span> <span class='ocrx_word' id='word_1_302' title='bbox 625 2416 859 2456; x_wconf 83' lang='lat' dir='ltr'>comburens,</span> <span class='ocrx_word' id='word_1_303' title='bbox 885 2427 976 2461; x_wconf 83' lang='lat' dir='ltr'>aqua</span> <span class='ocrx_word' id='word_1_304' title='bbox 1011 2418 1211 2456; x_wconf 81' lang='lat' dir='ltr'>suffocans,</span> <span class='ocrx_word' id='word_1_305' title='bbox 1248 2416 1443 2460; x_wconf 88' lang='lat' dir='ltr'>multisque</span> <span class='ocrx_word' id='word_1_306' title='bbox 1471 2414 1551 2446; x_wconf 82' lang='lat' dir='ltr'>aliis</span> 
     </span>
     <span class='ocr_line' id='line_1_37' title="bbox 99 2461 1550 2508; baseline -0.001 -13"><span class='ocrx_word' id='word_1_307' title='bbox 99 2463 287 2508; x_wconf 84' lang='lat' dir='ltr'>suppliciis</span> <span class='ocrx_word' id='word_1_308' title='bbox 313 2474 371 2495; x_wconf 87' lang='lat' dir='ltr'>eos</span> <span class='ocrx_word' id='word_1_309' title='bbox 396 2463 560 2496; x_wconf 83' lang='lat' dir='ltr'>afficiens.</span> <span class='ocrx_word' id='word_1_310' title='bbox 610 2464 705 2496; x_wconf 90' lang='lat' dir='ltr'>omni</span> <span class='ocrx_word' id='word_1_311' title='bbox 732 2465 841 2508; x_wconf 83' lang='lat' dir='ltr'>igitur</span> <span class='ocrx_word' id='word_1_312' title='bbox 874 2463 1022 2496; x_wconf 84' lang='lat' dir='ltr'>ecclesia</span> <span class='ocrx_word' id='word_1_313' title='bbox 1060 2462 1180 2496; x_wconf 78' lang='lat' dir='ltr'>deleta</span> <span class='ocrx_word' id='word_1_314' title='bbox 1204 2463 1410 2495; x_wconf 83' lang='lat' dir='ltr'>Caesaream</span> <span class='ocrx_word' id='word_1_315' title='bbox 1439 2461 1550 2501; x_wconf 76' lang='lat' dir='ltr'>venit,</span> 
     </span>
     <span class='ocr_line' id='line_1_38' title="bbox 98 2510 1552 2556; baseline -0.001 -12.965"><span class='ocrx_word' id='word_1_316' title='bbox 98 2516 137 2544; x_wconf 84' lang='lat' dir='ltr'>et</span> <span class='ocrx_word' id='word_1_317' title='bbox 161 2511 198 2543; x_wconf 88' lang='lat' dir='ltr'>in</span> <span class='ocrx_word' id='word_1_318' title='bbox 225 2510 391 2542; x_wconf 77' lang='lat' dir='ltr'>Basiliam</span> <span class='ocrx_word' id='word_1_319' title='bbox 415 2521 456 2543; x_wconf 86' lang='lat' dir='ltr'>ea</span> <span class='ocrx_word' id='word_1_320' title='bbox 487 2512 705 2556; x_wconf 83' lang='lat' dir='ltr'>perpetravit</span> <span class='ocrx_word' id='word_1_321' title='bbox 739 2522 832 2556; x_wconf 86' lang='lat' dir='ltr'>quae</span> <span class='ocrx_word' id='word_1_322' title='bbox 873 2510 910 2543; x_wconf 89' lang='lat' dir='ltr'>in</span> <span class='ocrx_word' id='word_1_323' title='bbox 939 2510 1124 2555; x_wconf 82' lang='lat' dir='ltr'>epitaphio</span> <span class='ocrx_word' id='word_1_324' title='bbox 1164 2510 1351 2554; x_wconf 81' lang='lat' dir='ltr'>theologus</span> <span class='ocrx_word' id='word_1_325' title='bbox 1392 2518 1552 2541; x_wconf 86' lang='lat' dir='ltr'>comme-</span> 
     </span>
     <span class='ocr_line' id='line_1_39' title="bbox 98 2554 1549 2600; baseline -0.002 -10"><span class='ocrx_word' id='word_1_326' title='bbox 98 2562 223 2590; x_wconf 78' lang='lat' dir='ltr'>morat.</span> <span class='ocrx_word' id='word_1_327' title='bbox 271 2562 347 2590; x_wconf 86' lang='lat' dir='ltr'>tum</span> <span class='ocrx_word' id='word_1_328' title='bbox 372 2557 558 2599; x_wconf 80' lang='lat' dir='ltr'>Galatius,</span> <span class='ocrx_word' id='word_1_329' title='bbox 583 2558 745 2591; x_wconf 82' lang='lat' dir='ltr'>Valentis</span> <span class='ocrx_word' id='word_1_330' title='bbox 767 2558 862 2590; x_wconf 83' lang='lat' dir='ltr'>filius</span> <span class='ocrx_word' id='word_1_331' title='bbox 899 2562 936 2590; x_wconf 82' lang='lat' dir='ltr'>et</span> <span class='ocrx_word' id='word_1_332' title='bbox 972 2556 1151 2590; x_wconf 86' lang='lat' dir='ltr'>dominica</span> <span class='ocrx_word' id='word_1_333' title='bbox 1184 2567 1274 2589; x_wconf 84' lang='lat' dir='ltr'>uxor</span> <span class='ocrx_word' id='word_1_334' title='bbox 1302 2556 1396 2600; x_wconf 84' lang='lat' dir='ltr'>gravi</span> <span class='ocrx_word' id='word_1_335' title='bbox 1423 2554 1549 2588; x_wconf 90' lang='lat' dir='ltr'>morbo</span> 
     </span>
     <span class='ocr_line' id='line_1_40' title="bbox 98 2604 1551 2651; baseline -0.002 -14"><span class='ocrx_word' id='word_1_336' title='bbox 98 2606 294 2650; x_wconf 86' lang='lat' dir='ltr'>perierunt.</span> <span class='ocrx_word' id='word_1_337' title='bbox 323 2604 593 2645; x_wconf 84' lang='lat' dir='ltr'>Demosthenes,</span> <span class='ocrx_word' id='word_1_338' title='bbox 618 2616 661 2638; x_wconf 83' lang='lat' dir='ltr'><strong><em>ex</em></strong></span> <span class='ocrx_word' id='word_1_339' title='bbox 689 2605 813 2651; x_wconf 87' lang='lat' dir='ltr'>coquis</span> <span class='ocrx_word' id='word_1_340' title='bbox 828 2604 991 2637; x_wconf 82' lang='lat' dir='ltr'>Valentis</span> <span class='ocrx_word' id='word_1_341' title='bbox 1017 2604 1162 2650; x_wconf 83' lang='lat' dir='ltr'>quidam</span> <span class='ocrx_word' id='word_1_342' title='bbox 1189 2615 1296 2648; x_wconf 84' lang='lat' dir='ltr'>quum</span> <span class='ocrx_word' id='word_1_343' title='bbox 1321 2604 1358 2635; x_wconf 88' lang='lat' dir='ltr'>in</span> <span class='ocrx_word' id='word_1_344' title='bbox 1387 2613 1551 2635; x_wconf 83' lang='lat' dir='ltr'>sermone</span> 
     </span>
     <span class='ocr_line' id='line_1_41' title="bbox 99 2649 1552 2696; baseline -0.001 -13"><span class='ocrx_word' id='word_1_345' title='bbox 99 2664 177 2684; x_wconf 78' lang='lat' dir='ltr'><strong><em>cum</em></strong></span> <span class='ocrx_word' id='word_1_346' title='bbox 207 2652 360 2684; x_wconf 85' lang='lat' dir='ltr'>Valente</span> <span class='ocrx_word' id='word_1_347' title='bbox 386 2651 515 2684; x_wconf 85' lang='lat' dir='ltr'>Basilio</span> <span class='ocrx_word' id='word_1_348' title='bbox 541 2652 771 2685; x_wconf 85' lang='lat' dir='ltr'>malediceret</span> <span class='ocrx_word' id='word_1_349' title='bbox 809 2657 845 2684; x_wconf 90' lang='lat' dir='ltr'>et</span> <span class='ocrx_word' id='word_1_350' title='bbox 869 2651 1019 2684; x_wconf 80' lang='lat' dir='ltr'>barbare</span> <span class='ocrx_word' id='word_1_351' title='bbox 1058 2651 1283 2696; x_wconf 83' lang='lat' dir='ltr'>loqueretur,</span> <span class='ocrx_word' id='word_1_352' title='bbox 1319 2649 1450 2682; x_wconf 85' lang='lat' dir='ltr'>dicitur</span> <span class='ocrx_word' id='word_1_353' title='bbox 1473 2661 1552 2683; x_wconf 88' lang='lat' dir='ltr'>ma—</span> 
     </span>
     <span class='ocr_line' id='line_1_42' title="bbox 98 2696 1552 2742; baseline -0.002 -11"><span class='ocrx_word' id='word_1_354' title='bbox 98 2700 207 2742; x_wconf 80' lang='lat' dir='ltr'>gister</span> <span class='ocrx_word' id='word_1_355' title='bbox 233 2699 390 2731; x_wconf 69' lang='lat' dir='ltr'>dixisse:</span> <span class='ocrx_word' id='word_1_356' title='bbox 417 2704 536 2739; x_wconf 83' lang='lat' dir='ltr'>“ecce,</span> <span class='ocrx_word' id='word_1_357' title='bbox 560 2700 712 2732; x_wconf 79' lang='lat' dir='ltr'>vidimus</span> <span class='ocrx_word' id='word_1_358' title='bbox 741 2699 846 2732; x_wconf 87' lang='lat' dir='ltr'>etiam</span> <span class='ocrx_word' id='word_1_359' title='bbox 873 2699 1084 2731; x_wconf 82' lang='lat' dir='ltr'>illiteratum</span> <span class='ocrx_word' id='word_1_360' title='bbox 1122 2696 1431 2730; x_wconf 58' lang='lat' dir='ltr'>Demostheneml&#39;</span> <span class='ocrx_word' id='word_1_361' title='bbox 1480 2696 1552 2732; x_wconf 80' lang='lat' dir='ltr'><strong><em>Va·</em></strong></span> 
     </span>
     <span class='ocr_line' id='line_1_43' title="bbox 99 2743 1285 2792; baseline -0.003 -13"><span class='ocrx_word' id='word_1_362' title='bbox 99 2747 176 2780; x_wconf 80' lang='lat' dir='ltr'>lens</span> <span class='ocrx_word' id='word_1_363' title='bbox 203 2746 333 2780; x_wconf 85' lang='lat' dir='ltr'>multos</span> <span class='ocrx_word' id='word_1_364' title='bbox 359 2746 516 2788; x_wconf 74' lang='lat' dir='ltr'>necavit,</span> <span class='ocrx_word' id='word_1_365' title='bbox 549 2757 638 2792; x_wconf 84' lang='lat' dir='ltr'>quos</span> <span class='ocrx_word' id='word_1_366' title='bbox 664 2745 909 2792; x_wconf 83' lang='lat' dir='ltr'>suspicabatur</span> <span class='ocrx_word' id='word_1_367' title='bbox 934 2758 953 2778; x_wconf 84' lang='lat' dir='ltr'>a</span> <span class='ocrx_word' id='word_1_368' title='bbox 980 2745 1018 2779; x_wconf 88' lang='lat' dir='ltr'>th</span> <span class='ocrx_word' id='word_1_369' title='bbox 1045 2746 1164 2778; x_wconf 81' lang='lat' dir='ltr'>littera</span> <span class='ocrx_word' id='word_1_370' title='bbox 1192 2743 1285 2777; x_wconf 90' lang='lat' dir='ltr'>oriri.</span> 
     </span>
    </p>
   </div>
  </div>
 </body>
</html>
