1838 3132
299 149 328 192 2
338 149 396 192 10
715 145 905 187 LEONlS
946 144 1288 188 GRAMMATICI

294 251 372 303 μὲν
396 249 595 301 καθαιρεῖ
617 248 754 287 πᾶσαν
791 243 909 298 ἱερὰν
942 246 1015 299 τῆς
1053 245 1267 298 ἐκκλησίας
1307 241 1600 298 α’ναστήλωσιν,
1629 245 1727 286 κοίν-

293 316 441 355 rafiam»
465 312 563 360 τούς
602 313 917 364 εὑρισκομένους
947 309 1117 363 ε”χοντας
1156 310 1315 358 εἰκόνας
1347 311 1536 366 Χριστοῦ
1564 306 1591 364 ἦ
1620 325 1727 358 τινος

295 379 414 432 ἁγίου
448 381 601 426 δειναῖς
630 378 849 431 τιμωρίαις
866 377 938 417 καί
962 376 1129 433 θανάτῳ
1155 376 1428 428 κατεδίκαζεν,
1457 377 1530 418 καί
1552 373 1729 424 πολλοὺς

294 445 479 495 ἐνδόξους
516 443 584 484 καὶ
618 447 863 498 περιφανεῖς
902 440 1162 498 πεφόνευκεν.
1220 441 1400 496 ῙΙζῙιχαήλ
1428 441 1475 482 δὲ
1504 439 1525 481 ὅ
1557 439 1632 496 τήν
1655 441 1729 496 τοῦ

256 512 537 562 οέξκουβίτων
576 506 779 561 τάγματος
820 506 954 562 ἀρχὴν
988 510 1141 549 διέπων
1165 508 1365 562 διεβλήθη
1393 508 1450 563 τῷ
1479 509 1650 560 βασιλεῖ’
1669 505 1762 557 ὦς5

294 577 384 617 κατ’
408 571 542 616 αὐτοῦ
569 571 866 625 βουλευόμενος
885 590 896 601 ·
966 570 1012 615 ὃν
1037 572 1178 630 εἱρκτῇ
1218 575 1362 621 πέδαις
1384 569 1494 626 εἶχεν
1521 569 1726 627 τηρούμε-

292 657 372 684 νον.
429 641 503 694 τῆς
541 640 586 680 δὲ
627 641 843 692 γενεθλίου
871 641 948 680 τοῦ
987 641 1172 694 σωτῆρος
1212 639 1330 692 ήμῶν
1359 637 1556 692 ἐνστάσης
1583 639 1730 679 τοῦτον

291 705 507 761 ἠβουλήθη
533 706 584 761 τῇ
613 703 730 746 νυκτὶ
755 705 925 746 α’νελεῖν.
981 703 1183 753 κωλυθείς
1212 707 1258 746 δὲ
1289 703 1401 757 παρὰ
1427 707 1499 758 τῆς
1526 704 1637 752 ι’διάς
1655 717 1731 757 γυ·

290 772 429 819 ναικὸς
456 769 525 811 διὰ
554 768 627 824 τήν
654 767 802 823 ἑορτήν
831 769 968 813 εἴασεν
994 768 1135 812 αὐτόν.
1179 768 1204 810 o‘
1227 771 1272 811 δὲ
1290 767 1471 824 Μιχαὴλ
1499 771 1543 811 ἐν
1567 770 1617 825 τῇ
1641 767 1730 823 εἱρ-

291 840 366 893 κτῇ
395 831 465 892 ὧν,
493 838 613 878 τοῦτο
641 834 805 889 μαθών,
837 839 938 878 πᾶσι
966 841 1051 885 τοῖς
1069 841 1158 887 μετ’
1189 836 1321 877 αὐτοῦ
1349 835 1602 889 συμβούλοις
1629 834 1730 890 ε’μή-
1743 851 1786 886 10

292 918 413 945 νυσεν
442 901 496 951 ὡς
523 903 563 944 εἰ
587 900 644 957 μὴ
683 900 947 958 σπουδάσητε
976 904 1125 954 ἐξελεῖν
1152 918 1204 955 με
1243 903 1316 956 τῆς
1347 903 1548 957 φρουρᾶς,
1573 899 1730 949 πάντας

294 969 405 1020 ὖμᾶς
441 967 692 1022 καταμηνύει)
732 971 787 1024 τῷ
815 972 994 1021 βασιλεῖ’.
1051 963 1101 1023 ἦν
1138 970 1184 1010 δὲ
1212 969 1297 1020 μετ’
1343 967 1480 1008 αὐτῶν
1508 968 1580 1009 καί
1606 965 1627 1008 ὅ
1655 969 1730 1008 τοῦ

253 1033 496 1084 ῃπαλατιόυ
525 1036 691 1086 amulag,
720 1033 916 1089 συγγενής
948 1033 1006 1076 ὥν
1042 1036 1117 1077 τοῦ
1145 1033 1336 1088 Μιχαήλ.
1394 1027 1509 1075 οὗτοι
1537 1035 1590 1090 τῇ
1615 1031 1731 1075 νυκτὶ

295 1098 571 1149 ὁπλισθέντες,
601 1098 768 1141 ἔνδοθεν
798 1099 847 1141 τά
879 1101 975 1155 ’ξίφη
995 1102 1228 1154 φοροῦντες,
1256 1101 1333 1141 τοῦ
1348 1101 1509 1141 παπιόυ
1538 1095 1730 1150 ἄνοιξαν..

292 1180 359 1213 τος
385 1163 440 1214 ὥς
468 1162 507 1206 οἱ
532 1163 656 1219 ἱερεῖς
681 1165 783 1217 μετὰ
815 1167 1026 1219 φελωνίων
1053 1166 1260 1219 εἰσῆλθον,
1287 1168 1364 1205 τοῦ
1392 1166 1439 1206 δὲ
1453 1165 1728 1218 βασιλέως.ε’ν
1742 1171 1785 1205 15

293 1233 341 1287 τῇ
370 1232 560 1288 ἐκκλησία
598 1229 848 1279 εἰσελθόντος
884 1229 1200 1284 εἰσπηδήσαντες
1233 1229 1304 1270 καί
1341 1233 1488 1272 τοῦτον
1515 1228 1728 1284 χειρωσά..

292 1312 408 1349 μενοι
444 1294 625 1351 μελήδόν
663 1295 921 1351 κατέκοψαν,
960 1295 1248 1349 ἀπορρήξαντα
1286 1295 1360 1350 τὴν
1397 1296 1566 1338 ἀνόσιον
1596 1296 1728 1338 αΰτοῦ

293 1363 437 1415 ψυχήν
466 1363 509 1403 ἐν
535 1361 590 1417 τῷ
617 1362 825 1417 παλατίῳ,
864 1362 910 1402 ἐν
942 1355 973 1417 ᾧ
1007 1357 1142 1408 οὐδείς
1171 1363 1250 1401 τῶν
1278 1359 1359 1414 πρὸ
1391 1361 1527 1402 αὐτοῦ
1552 1364 1728 1415 βεβασι-

294 1425 490 1469 λευκότων
517 1425 704 1482 α’νῄρητο.
762 1427 873 1483 αὐτῇ
904 1427 952 1467 δὲ
980 1429 1031 1482 τῇ
1059 1424 1148 1483 ὥρᾳ
1172 1428 1215 1467 ὲν
1241 1429 1287 1482 τῇ
1314 1425 1450 1484 εἱρκτῇ
1481 1424 1730 1475 ἀπελθόντες

294 1490 484 1546 ἐξάγουσι
510 1490 580 1534 τὸν
609 1492 813 1547 Μιχαήλ,
860 1491 932 1533 καί
958 1491 1195 1545 εἰσάγουσιν
1227 1495 1271 1533 ἐν
1309 1495 1361 1549 τῇ
1391 1491 1514 1549 ἑορτῇ
1539 1492 1636 1534 α’ντί
1661 1494 1724 1535 δε-
1739 1499 1786 1533 20

293 1558 513 1612 σμοφόρου
544 1557 821 1613 στεφήφόρυν,
854 1557 910 1605 ὦς
925 1560 1192 1612 πληρωθῆναι
1218 1559 1283 1598 ἐπ’
1309 1559 1442 1599 αὐτοῦ
1458 1558 1502 1600 τὸ
1524 1561 1601 1600 τοῦ
1617 1563 1728 1611 ψαλ-

295 1626 378 1675 μοῦ
407 1622 543 1677 λόγιον
570 1622 614 1664 τὸ
653 1622 856 1679 6(ἑσπέρας
890 1623 1187 1679 αὕλισθήσεται
1233 1623 1448 1675 κλαυθμὸς
1486 1627 1560 1667 καί
1593 1627 1653 1674 εἰς
1680 1623 1726 1667 τὸ

300 1806 353 1839 his
379 1806 560 1839 fraudibus
593 1811 749 1840 attentus
776 1818 935 1847 vaecors,
977 1807 1113 1852 hocque
1137 1807 1272 1840 infelici
1307 1808 1459 1853 impulsu
1475 1833 1485 1850 ‚
1511 1808 1658 1852 ignavus
1679 1810 1727 1842 li-

300 1859 366 1894 cet,
395 1854 542 1886 multum
581 1854 694 1886 elatus
731 1858 766 1886 et
793 1855 976 1895 animatus,
1002 1855 1152 1898 primum
1191 1854 1332 1899 quidem
1359 1867 1492 1889 sacram
1516 1866 1654 1889 omnem
1683 1867 1728 1890 ex

301 1901 459 1933 ecclesiis
487 1900 634 1944 deponit
658 1901 814 1944 figuram,
844 1901 972 1934 exinde
997 1901 1126 1934 Christi
1150 1903 1207 1934 vel
1245 1903 1357 1935 sancti
1381 1903 1531 1935 alicuius
1559 1903 1727 1947 imagines

299 1947 430 1979 habere
467 1953 623 1991 repertos
659 1947 754 1980 duris
794 1949 977 1992 suppliciis
1014 1953 1050 1980 et
1076 1954 1189 1981 morte
1214 1948 1421 1989 damnabat,
1448 1950 1497 1982 ita
1525 1954 1566 1982 ut
1587 1950 1728 1983 nobiles

300 1995 471 2039 plurimos
499 1999 534 2026 et
559 1994 713 2026 illustres
742 1995 835 2026 viros
873 1995 1102 2027 interfecerit.
1150 2006 1255 2039 porro
1283 1994 1447 2036 Michael‚
1484 1995 1726 2029 excubitorum

301 2041 456 2073 cohortis
481 2051 603 2083 gerens
630 2041 876 2085 principatum,
906 2041 1001 2086 apud
1018 2042 1264 2086 imperatorem
1289 2042 1496 2076 calumniam
1521 2053 1643 2086 passus
1662 2049 1727 2083 est,

302 2088 401 2132 quasi
431 2086 595 2119 adversus
621 2098 699 2119 eum
727 2088 975 2132 conspirasset;
1012 2099 1117 2133 quem
1147 2088 1277 2121 idcirco
1317 2088 1546 2134 compedibus
1572 2090 1728 2122 vinctum

303 2135 338 2166 in
363 2144 500 2166 carcere
523 2140 733 2166 asservatum
757 2135 913 2168 tenebat.
970 2135 1124 2167 instante
1150 2135 1256 2178 igitur
1279 2136 1464 2168 servatoris
1487 2135 1598 2168 nostri
1624 2141 1729 2169 nata-

302 2181 375 2213 licii
402 2181 491 2213 festo
518 2184 622 2212 noctu
650 2181 763 2212 voluit
789 2193 807 2213 e
832 2181 949 2214 medio
979 2182 1129 2215 tollere:
1155 2192 1274 2214 verum
1301 2194 1320 2214 a
1347 2182 1483 2227 propria
1512 2193 1620 2215 uxore
1645 2194 1730 2228 pro-

302 2227 437 2260 hibitus
479 2231 515 2259 et
554 2226 633 2259 festi
678 2229 872 2260 reverentia
898 2235 1013 2261 motus
1047 2229 1160 2262 vivere
1193 2229 1361 2272 permisit.
1410 2229 1567 2262 Michael
1592 2239 1729 2262 carcere

304 2274 479 2313 detentus,
507 2272 574 2305 hoc
598 2275 749 2315 cognito,
775 2275 937 2307 omnibus
976 2275 1113 2307 consilii
1139 2275 1369 2319 participibus
1395 2281 1529 2308 secreto
1557 2275 1730 2310 indicavit

304 2321 395 2352 “nisi
423 2319 580 2352 custodia
607 2321 757 2352 eximere
784 2321 967 2361 studeatis,
994 2331 1114 2355 omnes
1145 2333 1205 2353 vos
1231 2322 1325 2366 apud
1353 2322 1601 2367 imperatorem
1627 2321 1729 2355 defe-

306 2368 408 2399 ram.⁷'
457 2372 531 2399 erat
560 2378 636 2398 cum
663 2367 748 2411 ipsis
780 2373 816 2400 et
840 2369 961 2412 palatii
986 2369 1106 2413 papias
1130 2368 1312 2400 Michaelis
1342 2368 1462 2402 affinis.
1527 2370 1595 2413 ipsi
1622 2369 1731 2413 igitur

305 2419 410 2446 noctu
440 2413 585 2452 armati,
610 2412 675 2445 sub
709 2414 863 2447 vestibus
901 2415 1035 2458 gladios
1068 2415 1242 2454 ferentes,
1268 2415 1371 2459 papia
1395 2421 1513 2460 portas
1537 2415 1730 2460 aperiente,

305 2473 344 2492 ac
372 2461 399 2492 si
425 2458 622 2492 sacerdotes
665 2461 782 2493 forent
816 2462 941 2494 casulis
977 2461 1104 2500 vestiti,
1142 2462 1287 2505 ingressi
1316 2467 1408 2494 sunt.
1457 2463 1669 2507 imperatore
1691 2462 1730 2494 in

303 2508 484 2539 ecclesiam
512 2505 722 2539 adveniente
754 2508 926 2548 exiliunt,
952 2518 1103 2552 eumque
1139 2508 1427 2550 comprehensum
1452 2508 1671 2542 membratim
1695 2513 1732 2541 et

303 2555 339 2586 in
367 2554 476 2587 frusta
512 2559 650 2588 secant.
689 2554 933 2597 proiicientem
961 2555 1161 2597 sacrilegam
1189 2556 1338 2587 animam
1364 2557 1402 2588 in
1426 2555 1572 2600 palatio,
1597 2556 1633 2587 in
1658 2565 1730 2599 quo

303 2600 606 2644 praedecessorum
645 2601 892 2643 imperatorum
938 2602 1057 2633 nullus
1087 2602 1220 2634 occisus
1261 2602 1376 2635 suerat
1407 2603 1515 2647 peius.
1574 2605 1730 2634 ceterum

304 2646 426 2679 eadem
454 2646 540 2679 hora
561 2646 605 2679 ad
630 2655 799 2680 carcerem
826 2647 998 2679 irruentes
1025 2647 1235 2681 Michaelem
1266 2649 1420 2682 educunt
1446 2654 1483 2682 et
1506 2646 1550 2680 ad
1577 2646 1730 2691 celebri-

303 2698 411 2725 tatem
440 2692 633 2734 inducunt‚
661 2699 696 2726 et
733 2705 795 2739 pro
835 2693 1062 2740 compedibus
1094 2693 1260 2730 devincto
1296 2696 1412 2729 taenia
1450 2693 1626 2740 imperiali
1653 2695 1729 2727 ein-
