<?xml version="1.0" encoding="UTF-8"?>
<!DOCTYPE html PUBLIC "-//W3C//DTD XHTML 1.0 Transitional//EN"
    "http://www.w3.org/TR/xhtml1/DTD/xhtml1-transitional.dtd">
<html xmlns="http://www.w3.org/1999/xhtml" xml:lang="en" lang="en">
 <head>
  <title>
</title>
<meta http-equiv="Content-Type" content="text/html;charset=utf-8" />
  <meta name='ocr-system' content='tesseract 3.04.00' />
  <meta name='ocr-capabilities' content='ocr_page ocr_carea ocr_par ocr_line ocrx_word'/>
</head>
<body>
  <div class='ocr_page' id='page_1' title='image "./corpusscriptorum34niebuoft/corpusscriptorum34niebuoft_0261.png"; bbox 0 0 1838 3132; ppageno 0'>
   <div class='ocr_carea' id='block_1_1' title="bbox 622 121 1586 180">
    <p class='ocr_par' dir='ltr' id='par_1_1' title="bbox 622 121 1586 180">
     <span class='ocr_line' id='line_1_1' title="bbox 622 121 1586 180; baseline -0.005 -1"><span class='ocrx_word' id='word_1_1' title='bbox 622 136 1112 180; x_wconf 72' lang='lat' dir='ltr'><strong>CHRONOGRAPfflA.</strong></span> <span class='ocrx_word' id='word_1_2' title='bbox 1489 121 1586 174; x_wconf 79' lang='lat'><strong>249</strong></span> 
     </span>
    </p>
   </div>
   <div class='ocr_carea' id='block_1_2' title="bbox 106 234 1717 624">
    <p class='ocr_par' dir='ltr' id='par_1_2' title="bbox 106 234 1717 624">
     <span class='ocr_line' id='line_1_2' title="bbox 141 234 1717 294; baseline -0.007 -14"><span class='ocrx_word' id='word_1_3' title='bbox 141 253 212 280; x_wconf 80' lang='grc' dir='ltr'><strong>οεν</strong></span> <span class='ocrx_word' id='word_1_4' title='bbox 243 236 404 291; x_wconf 74' lang='grc' dir='ltr'><strong><em>στήθεα</em></strong></span> <span class='ocrx_word' id='word_1_5' title='bbox 445 239 488 279; x_wconf 77' lang='grc' dir='ltr'><strong><em>ἐν</em></strong></span> <span class='ocrx_word' id='word_1_6' title='bbox 518 240 575 294; x_wconf 76' lang='grc' dir='ltr'><strong>τῷ</strong></span> <span class='ocrx_word' id='word_1_7' title='bbox 615 238 685 279; x_wconf 75' lang='grc' dir='ltr'><strong>ὑπ’</strong></span> <span class='ocrx_word' id='word_1_8' title='bbox 721 238 854 280; x_wconf 70' lang='grc' dir='ltr'><strong><em>αὐτοῦ</em></strong></span> <span class='ocrx_word' id='word_1_9' title='bbox 881 238 1085 290; x_wconf 74' lang='grc' dir='ltr'><strong><em>κτισθέντι</em></strong></span> <span class='ocrx_word' id='word_1_10' title='bbox 1127 237 1212 293; x_wconf 70' lang='grc' dir='ltr'><strong>ναῷ</strong></span> <span class='ocrx_word' id='word_1_11' title='bbox 1238 237 1282 278; x_wconf 80' lang='grc' dir='ltr'><strong><em>ὲν</em></strong></span> <span class='ocrx_word' id='word_1_12' title='bbox 1313 235 1370 290; x_wconf 74' lang='grc' dir='ltr'><strong>τῷ</strong></span> <span class='ocrx_word' id='word_1_13' title='bbox 1398 235 1584 288; x_wconf 75' lang='grc' dir='ltr'><strong><em>παλατίῳ</em></strong></span> <span class='ocrx_word' id='word_1_14' title='bbox 1598 236 1631 270; x_wconf 84' lang='grc' dir='ltr'><strong>Ρ.</strong></span> <span class='ocrx_word' id='word_1_15' title='bbox 1647 234 1717 270; x_wconf 80' lang='lat'><strong>468</strong></span> 
     </span>
     <span class='ocr_line' id='line_1_3' title="bbox 144 302 473 361; baseline -0.003 -15"><span class='ocrx_word' id='word_1_16' title='bbox 144 308 188 346; x_wconf 78' lang='grc' dir='ltr'><strong><em>ἐν</em></strong></span> <span class='ocrx_word' id='word_1_17' title='bbox 214 305 274 360; x_wconf 72' lang='grc' dir='ltr'><strong>τῷ</strong></span> <span class='ocrx_word' id='word_1_18' title='bbox 305 302 448 361; x_wconf 77' lang='grc' dir='ltr'><strong><em>Φάρῳ.</em></strong></span> <span class='ocrx_word' id='word_1_19' title='bbox 469 334 473 337; x_wconf 87' lang='lat'><em>-</em></span> 
     </span>
     <span class='ocr_line' id='line_1_4' title="bbox 255 366 1588 425; baseline -0.003 -14"><span class='ocrx_word' id='word_1_20' title='bbox 255 370 474 425; x_wconf 68' lang='grc' dir='ltr'><strong><em>Ἐγεννήθη</em></strong></span> <span class='ocrx_word' id='word_1_21' title='bbox 507 370 554 411; x_wconf 73' lang='grc' dir='ltr'><strong>δὲ</strong></span> <span class='ocrx_word' id='word_1_22' title='bbox 573 371 699 412; x_wconf 78' lang='grc' dir='ltr'><strong><em>Λέων</em></strong></span> <span class='ocrx_word' id='word_1_23' title='bbox 729 368 749 409; x_wconf 80' lang='grc' dir='ltr'>ὅ</span> <span class='ocrx_word' id='word_1_24' title='bbox 780 368 978 421; x_wconf 83' lang='grc' dir='ltr'><strong><em>βασιλεὺς</em></strong></span> <span class='ocrx_word' id='word_1_25' title='bbox 1006 370 1050 410; x_wconf 83' lang='grc' dir='ltr'><strong>ἐκ</strong></span> <span class='ocrx_word' id='word_1_26' title='bbox 1079 366 1263 422; x_wconf 75' lang='grc' dir='ltr'><strong><em>ΙΙῐΊιχαὴλ</em></strong></span> <span class='ocrx_word' id='word_1_27' title='bbox 1292 368 1366 409; x_wconf 84' lang='grc' dir='ltr'>καί</span> <span class='ocrx_word' id='word_1_28' title='bbox 1381 366 1588 414; x_wconf 75' lang='grc' dir='ltr'><strong><em>Ειῖδοκίας</em></strong></span> 
     </span>
     <span class='ocr_line' id='line_1_5' title="bbox 145 431 1589 491; baseline -0.004 -13"><span class='ocrx_word' id='word_1_29' title='bbox 145 438 219 490; x_wconf 78' lang='grc' dir='ltr'><strong>τῆς</strong></span> <span class='ocrx_word' id='word_1_30' title='bbox 245 435 459 491; x_wconf 80' lang='grc' dir='ltr'><strong><em>’[γγιρίνης</em></strong></span> <span class='ocrx_word' id='word_1_31' title='bbox 500 432 563 477; x_wconf 83' lang='grc' dir='ltr'><strong><em>ἔτι</em></strong></span> <span class='ocrx_word' id='word_1_32' title='bbox 595 433 810 488; x_wconf 75' lang='grc' dir='ltr'><strong><em>περιόντος</em></strong></span> <span class='ocrx_word' id='word_1_33' title='bbox 849 431 983 475; x_wconf 71' lang='grc' dir='ltr'><strong><em>αὐτοῦ</em></strong></span> <span class='ocrx_word' id='word_1_34' title='bbox 1020 437 1096 476; x_wconf 80' lang='grc' dir='ltr'><strong><em>τοῦ</em></strong></span> <span class='ocrx_word' id='word_1_35' title='bbox 1126 433 1331 488; x_wconf 82' lang='grc' dir='ltr'><strong><em>Μιχαήλ,</em></strong></span> <span class='ocrx_word' id='word_1_36' title='bbox 1356 432 1488 489; x_wconf 81' lang='grc' dir='ltr'><strong><em>μηνὸς</em></strong></span> <span class='ocrx_word' id='word_1_37' title='bbox 1507 435 1589 477; x_wconf 82' lang='grc' dir='ltr'><strong>Δε-</strong></span> 
     </span>
     <span class='ocr_line' id='line_1_6' title="bbox 106 497 1590 558; baseline -0.002 -15"><span class='ocrx_word' id='word_1_38' title='bbox 106 510 134 545; x_wconf 58' lang='grc'><strong>’5</strong></span> <span class='ocrx_word' id='word_1_39' title='bbox 148 505 347 556; x_wconf 86' lang='grc' dir='ltr'><strong><em>κεμβριόυ</em></strong></span> <span class='ocrx_word' id='word_1_40' title='bbox 377 501 532 558; x_wconf 77' lang='grc' dir='ltr'><strong><em>πρώτῃ,</em></strong></span> <span class='ocrx_word' id='word_1_41' title='bbox 560 501 814 548; x_wconf 78' lang='grc' dir='ltr'><strong><em>ἰνδικτιιὸνος</em></strong></span> <span class='ocrx_word' id='word_1_42' title='bbox 841 498 900 545; x_wconf 84' lang='grc' dir='ltr'><strong><em>ιε’.</em></strong></span> <span class='ocrx_word' id='word_1_43' title='bbox 971 499 1164 555; x_wconf 82' lang='grc' dir='ltr'><strong><em>ἐποίησεν</em></strong></span> <span class='ocrx_word' id='word_1_44' title='bbox 1193 502 1239 543; x_wconf 76' lang='grc' dir='ltr'><strong>δὲ</strong></span> <span class='ocrx_word' id='word_1_45' title='bbox 1267 498 1435 543; x_wconf 79' lang='grc' dir='ltr'><strong><em>ἱππικὸν</em></strong></span> <span class='ocrx_word' id='word_1_46' title='bbox 1461 497 1483 542; x_wconf 83' lang='grc' dir='ltr'><strong><em>ὃ</em></strong></span> <span class='ocrx_word' id='word_1_47' title='bbox 1511 501 1590 552; x_wconf 83' lang='grc' dir='ltr'><strong>βα·</strong></span> 
     </span>
     <span class='ocr_line' id='line_1_7' title="bbox 146 564 1592 624; baseline -0.005 -11"><span class='ocrx_word' id='word_1_48' title='bbox 146 568 290 616; x_wconf 80' lang='grc' dir='ltr'><strong><em>σιλεὺς</em></strong></span> <span class='ocrx_word' id='word_1_49' title='bbox 319 569 364 610; x_wconf 79' lang='grc' dir='ltr'><strong><em>ἐν</em></strong></span> <span class='ocrx_word' id='word_1_50' title='bbox 391 569 447 624; x_wconf 73' lang='grc' dir='ltr'><strong>τῷ</strong></span> <span class='ocrx_word' id='word_1_51' title='bbox 475 566 578 624; x_wconf 77' lang='grc' dir='ltr'><strong>ἁγίῳ</strong></span> <span class='ocrx_word' id='word_1_52' title='bbox 606 564 816 619; x_wconf 62' lang='lat' dir='ltr'><strong>Mamm</strong></span> <span class='ocrx_word' id='word_1_53' title='bbox 843 564 1051 615; x_wconf 79' lang='grc' dir='ltr'><strong><em>ἱππεύσας</em></strong></span> <span class='ocrx_word' id='word_1_54' title='bbox 1079 570 1264 617; x_wconf 80' lang='grc' dir='ltr'><strong><em>Βένετος.</em></strong></span> <span class='ocrx_word' id='word_1_55' title='bbox 1319 570 1592 609; x_wconf 84' lang='grc' dir='ltr'><strong><em>Κωνσταντῖ-</em></strong></span> 
     </span>
    </p>
   </div>
   <div class='ocr_carea' id='block_1_3' title="bbox 739 629 751 644">
    <p class='ocr_par' dir='ltr' id='par_1_3' title="bbox 739 629 751 644">
     <span class='ocr_line' id='line_1_8' title="bbox 739 629 751 644; baseline 0 0"><span class='ocrx_word' id='word_1_56' title='bbox 739 629 751 644; x_wconf 74' lang='lat' dir='ltr'>C</span> 
     </span>
    </p>
   </div>
   <div class='ocr_carea' id='block_1_4' title="bbox 95 631 1648 956">
    <p class='ocr_par' dir='ltr' id='par_1_4' title="bbox 95 631 1648 956">
     <span class='ocr_line' id='line_1_9' title="bbox 149 631 1648 688; baseline -0.002 -12"><span class='ocrx_word' id='word_1_57' title='bbox 149 651 217 684; x_wconf 84' lang='grc' dir='ltr'><strong>νος</strong></span> <span class='ocrx_word' id='word_1_58' title='bbox 250 636 296 677; x_wconf 80' lang='grc' dir='ltr'><strong>δὲ</strong></span> <span class='ocrx_word' id='word_1_59' title='bbox 325 633 347 675; x_wconf 78' lang='grc' dir='ltr'>ὅ</span> <span class='ocrx_word' id='word_1_60' title='bbox 378 635 421 685; x_wconf 78' lang='grc' dir='ltr'><strong>ἐξ</strong></span> <span class='ocrx_word' id='word_1_61' title='bbox 444 633 693 688; x_wconf 82' lang='grc' dir='ltr'><strong><em>Ἀρμενίων,</em></strong></span> <span class='ocrx_word' id='word_1_62' title='bbox 733 648 755 673; x_wconf 92' lang='grc' dir='ltr'><strong><em>ο</em></strong></span> <span class='ocrx_word' id='word_1_63' title='bbox 798 631 933 688; x_wconf 74' lang='grc' dir='ltr'><strong><em>πατὴρ</em></strong></span> <span class='ocrx_word' id='word_1_64' title='bbox 963 633 1100 674; x_wconf 69' lang='lat' dir='ltr'><strong>&amp;mua</strong></span> <span class='ocrx_word' id='word_1_65' title='bbox 1126 636 1346 688; x_wconf 80' lang='grc' dir='ltr'><strong><em>πατρικίου</em></strong></span> <span class='ocrx_word' id='word_1_66' title='bbox 1377 631 1449 674; x_wconf 85' lang='grc' dir='ltr'><strong><em>καί</em></strong></span> <span class='ocrx_word' id='word_1_67' title='bbox 1478 647 1591 686; x_wconf 82' lang='grc' dir='ltr'><strong><em>γενε·</em></strong></span> <span class='ocrx_word' id='word_1_68' title='bbox 1604 644 1648 678; x_wconf 82' lang='lat'><strong>55</strong></span> 
     </span>
     <span class='ocr_line' id='line_1_10' title="bbox 147 697 1593 755; baseline -0.003 -11"><span class='ocrx_word' id='word_1_69' title='bbox 147 706 256 755; x_wconf 84' lang='grc' dir='ltr'><strong><em>σίου,</em></strong></span> <span class='ocrx_word' id='word_1_70' title='bbox 286 698 562 755; x_wconf 72' lang='grc' dir='ltr'><strong><em>δρουγγάριος</em></strong></span> <span class='ocrx_word' id='word_1_71' title='bbox 591 697 649 741; x_wconf 73' lang='grc' dir='ltr'><strong>(ὂν</strong></span> <span class='ocrx_word' id='word_1_72' title='bbox 679 702 753 753; x_wconf 82' lang='grc' dir='ltr'><strong>τῆς</strong></span> <span class='ocrx_word' id='word_1_73' title='bbox 781 701 941 754; x_wconf 80' lang='grc' dir='ltr'><strong><em>βίγλας,</em></strong></span> <span class='ocrx_word' id='word_1_74' title='bbox 970 701 1120 742; x_wconf 78' lang='grc' dir='ltr'><strong><em>ἵππευε</em></strong></span> <span class='ocrx_word' id='word_1_75' title='bbox 1141 698 1301 753; x_wconf 85' lang='grc' dir='ltr'><strong><em>λευκός,</em></strong></span> <span class='ocrx_word' id='word_1_76' title='bbox 1322 698 1520 753; x_wconf 81' lang='grc' dir='ltr'><strong><em>πράσινος</em></strong></span> <span class='ocrx_word' id='word_1_77' title='bbox 1547 700 1593 741; x_wconf 76' lang='grc' dir='ltr'><strong>δὲ</strong></span> 
     </span>
     <span class='ocr_line' id='line_1_11' title="bbox 149 763 1594 822; baseline -0.002 -12"><span class='ocrx_word' id='word_1_78' title='bbox 149 769 322 810; x_wconf 80' lang='grc' dir='ltr'><strong><em>ἵππευεν</em></strong></span> <span class='ocrx_word' id='word_1_79' title='bbox 358 764 656 822; x_wconf 74' lang='grc' dir='ltr'><strong><em>Ἀγαλλιανός,</em></strong></span> <span class='ocrx_word' id='word_1_80' title='bbox 700 764 866 822; x_wconf 78' lang='grc' dir='ltr'><strong><em>ῥούσιος</em></strong></span> <span class='ocrx_word' id='word_1_81' title='bbox 896 768 942 808; x_wconf 80' lang='grc' dir='ltr'><strong>δὲ</strong></span> <span class='ocrx_word' id='word_1_82' title='bbox 974 763 995 807; x_wconf 81' lang='grc' dir='ltr'>ὅ</span> <span class='ocrx_word' id='word_1_83' title='bbox 1030 768 1224 820; x_wconf 82' lang='grc' dir='ltr'><strong><em>Κρασᾶς.</em></strong></span> <span class='ocrx_word' id='word_1_84' title='bbox 1279 765 1522 820; x_wconf 78' lang='grc' dir='ltr'><strong><em>νικήσαντος</em></strong></span> <span class='ocrx_word' id='word_1_85' title='bbox 1546 767 1594 807; x_wconf 79' lang='grc' dir='ltr'><strong>δὲ</strong></span> 
     </span>
     <span class='ocr_line' id='line_1_12' title="bbox 95 829 1597 890; baseline -0.003 -13"><span class='ocrx_word' id='word_1_86' title='bbox 95 845 137 879; x_wconf 86' lang='grc'><strong>10</strong></span> <span class='ocrx_word' id='word_1_87' title='bbox 150 837 224 875; x_wconf 82' lang='grc' dir='ltr'><strong><em>τοῦ</em></strong></span> <span class='ocrx_word' id='word_1_88' title='bbox 247 836 452 886; x_wconf 83' lang='grc' dir='ltr'><strong><em>βασιλέως</em></strong></span> <span class='ocrx_word' id='word_1_89' title='bbox 479 832 551 874; x_wconf 85' lang='grc' dir='ltr'><em>καί</em></span> <span class='ocrx_word' id='word_1_90' title='bbox 581 834 652 875; x_wconf 81' lang='grc' dir='ltr'><strong>ε’πί</strong></span> <span class='ocrx_word' id='word_1_91' title='bbox 675 835 844 874; x_wconf 78' lang='grc' dir='ltr'><strong><em>δείπνου</em></strong></span> <span class='ocrx_word' id='word_1_92' title='bbox 872 835 1150 881; x_wconf 72' lang='grc' dir='ltr'><strong><em>καθεσθέντος</em></strong></span> <span class='ocrx_word' id='word_1_93' title='bbox 1179 829 1270 885; x_wconf 72' lang='grc' dir='ltr'><strong>ἅμα</strong></span> <span class='ocrx_word' id='word_1_94' title='bbox 1285 834 1496 890; x_wconf 81' lang='grc' dir='ltr'><strong><em>Βασιλείῳ</em></strong></span> <span class='ocrx_word' id='word_1_95' title='bbox 1525 830 1597 874; x_wconf 81' lang='grc' dir='ltr'><strong>καὶ</strong></span> 
     </span>
     <span class='ocr_line' id='line_1_13' title="bbox 149 895 1597 956; baseline -0.002 -14"><span class='ocrx_word' id='word_1_96' title='bbox 149 900 357 956; x_wconf 75' lang='grc' dir='ltr'><strong><em>Εὐδοκίᾳ,</em></strong></span> <span class='ocrx_word' id='word_1_97' title='bbox 388 898 712 947; x_wconf 83' lang='grc' dir='ltr'><strong><em>Βασιλισκιανός</em></strong></span> <span class='ocrx_word' id='word_1_98' title='bbox 752 897 774 940; x_wconf 81' lang='grc' dir='ltr'>ὅ</span> <span class='ocrx_word' id='word_1_99' title='bbox 814 900 1032 953; x_wconf 80' lang='grc' dir='ltr'><strong><em>πατρίκιος</em></strong></span> <span class='ocrx_word' id='word_1_100' title='bbox 1071 898 1210 955; x_wconf 77' lang='grc' dir='ltr'><strong><em>ἐπῄνει</em></strong></span> <span class='ocrx_word' id='word_1_101' title='bbox 1237 897 1308 940; x_wconf 88' lang='grc' dir='ltr'><strong><em>τὸν</em></strong></span> <span class='ocrx_word' id='word_1_102' title='bbox 1332 899 1510 951; x_wconf 80' lang='grc' dir='ltr'><strong><em>βασιλέα</em></strong></span> <span class='ocrx_word' id='word_1_103' title='bbox 1539 895 1597 946; x_wconf 78' lang='grc' dir='ltr'><strong>ὥς</strong></span> 
     </span>
    </p>
   </div>
   <div class='ocr_carea' id='block_1_5' title="bbox 690 961 765 978">
    <p class='ocr_par' dir='ltr' id='par_1_5' title="bbox 690 961 765 978">
     <span class='ocr_line' id='line_1_14' title="bbox 690 961 765 978; baseline -0.027 0"><span class='ocrx_word' id='word_1_104' title='bbox 690 965 709 973; x_wconf 60' lang='lat'><strong>*³</strong></span> <span class='ocrx_word' id='word_1_105' title='bbox 747 961 765 978; x_wconf 73' lang='grc' dir='ltr'><strong>(Ι</strong></span> 
     </span>
    </p>
   </div>
   <div class='ocr_carea' id='block_1_6' title="bbox 96 962 1648 1685">
    <p class='ocr_par' dir='ltr' id='par_1_6' title="bbox 96 962 1648 1685">
     <span class='ocr_line' id='line_1_15' title="bbox 147 962 1648 1021; baseline -0.002 -15"><span class='ocrx_word' id='word_1_106' title='bbox 147 965 322 1020; x_wconf 71' lang='grc' dir='ltr'><strong><em>εὐφυῶς</em></strong></span> <span class='ocrx_word' id='word_1_107' title='bbox 349 967 551 1007; x_wconf 75' lang='grc' dir='ltr'><strong><em>ἐλάσαντα</em></strong></span> <span class='ocrx_word' id='word_1_108' title='bbox 577 967 621 1007; x_wconf 83' lang='grc' dir='ltr'><strong><em>ὲν</em></strong></span> <span class='ocrx_word' id='word_1_109' title='bbox 651 981 708 1021; x_wconf 82' lang='grc' dir='ltr'><strong>τῳ</strong></span> <span class='ocrx_word' id='word_1_110' title='bbox 739 981 911 1020; x_wconf 86' lang='grc' dir='ltr'><strong><em>αρματι.</em></strong></span> <span class='ocrx_word' id='word_1_111' title='bbox 968 966 1115 1007; x_wconf 83' lang='grc' dir='ltr'><strong><em>τοῦτον</em></strong></span> <span class='ocrx_word' id='word_1_112' title='bbox 1143 966 1369 1019; x_wconf 81' lang='grc' dir='ltr'><strong><em>α’ναστῆναι</em></strong></span> <span class='ocrx_word' id='word_1_113' title='bbox 1400 962 1595 1011; x_wconf 81' lang='grc' dir='ltr'><strong><em>κελεύσας</em></strong></span> <span class='ocrx_word' id='word_1_114' title='bbox 1621 970 1648 1003; x_wconf 82' lang='grc' dir='ltr'><strong><em>Β</em></strong></span> 
     </span>
     <span class='ocr_line' id='line_1_16' title="bbox 149 1029 1596 1086; baseline -0.001 -14"><span class='ocrx_word' id='word_1_115' title='bbox 149 1031 171 1072; x_wconf 79' lang='grc' dir='ltr'>ὁ</span> <span class='ocrx_word' id='word_1_116' title='bbox 203 1031 402 1083; x_wconf 73' lang='grc' dir='ltr'><strong><em>βασιλεὺς</em></strong></span> <span class='ocrx_word' id='word_1_117' title='bbox 427 1031 479 1074; x_wconf 82' lang='grc' dir='ltr'><strong>τὰ</strong></span> <span class='ocrx_word' id='word_1_118' title='bbox 507 1033 679 1086; x_wconf 77' lang='grc' dir='ltr'><strong><em>τζαγγία</em></strong></span> <span class='ocrx_word' id='word_1_119' title='bbox 706 1031 840 1073; x_wconf 78' lang='grc' dir='ltr'><strong><em>αὐτοῦ</em></strong></span> <span class='ocrx_word' id='word_1_120' title='bbox 870 1033 1098 1086; x_wconf 80' lang='grc' dir='ltr'><strong><em>προσέταξε</em></strong></span> <span class='ocrx_word' id='word_1_121' title='bbox 1125 1034 1253 1083; x_wconf 81' lang='grc' dir='ltr'><strong><em>σῦραι</em></strong></span> <span class='ocrx_word' id='word_1_122' title='bbox 1281 1029 1352 1071; x_wconf 88' lang='grc' dir='ltr'>καί</span> <span class='ocrx_word' id='word_1_123' title='bbox 1378 1029 1596 1083; x_wconf 71' lang='grc' dir='ltr'><strong><em>ὑποδήσα-</em></strong></span> 
     </span>
     <span class='ocr_line' id='line_1_17' title="bbox 150 1095 1598 1152; baseline -0.003 -12"><span class='ocrx_word' id='word_1_124' title='bbox 150 1101 266 1140; x_wconf 70' lang='grc' dir='ltr'><strong><em>σθαι.</em></strong></span> <span class='ocrx_word' id='word_1_125' title='bbox 321 1101 395 1139; x_wconf 85' lang='grc' dir='ltr'><strong><em>τοῦ</em></strong></span> <span class='ocrx_word' id='word_1_126' title='bbox 428 1100 474 1139; x_wconf 75' lang='grc' dir='ltr'><strong>δὲ</strong></span> <span class='ocrx_word' id='word_1_127' title='bbox 504 1095 776 1146; x_wconf 74' lang='grc' dir='ltr'><strong><em>ἀνανεύοντος</em></strong></span> <span class='ocrx_word' id='word_1_128' title='bbox 805 1096 878 1139; x_wconf 76' lang='grc' dir='ltr'><strong>καὶ</strong></span> <span class='ocrx_word' id='word_1_129' title='bbox 904 1095 1008 1152; x_wconf 79' lang='grc' dir='ltr'><strong><em>πρὸς</em></strong></span> <span class='ocrx_word' id='word_1_130' title='bbox 1029 1099 1252 1138; x_wconf 77' lang='grc' dir='ltr'><strong><em>Βασίλειον</em></strong></span> <span class='ocrx_word' id='word_1_131' title='bbox 1279 1096 1598 1148; x_wconf 82' lang='grc' dir='ltr'><strong><em>α’ποβλέποντος,</em></strong></span> 
     </span>
     <span class='ocr_line' id='line_1_18' title="bbox 96 1163 1599 1222; baseline -0.001 -17"><span class='ocrx_word' id='word_1_132' title='bbox 96 1173 138 1206; x_wconf 78' lang='grc'><strong>15</strong></span> <span class='ocrx_word' id='word_1_133' title='bbox 151 1166 194 1207; x_wconf 78' lang='grc' dir='ltr'><strong><em>ἑν</em></strong></span> <span class='ocrx_word' id='word_1_134' title='bbox 222 1168 347 1222; x_wconf 74' lang='grc' dir='ltr'><strong><em>θυμῷ</em></strong></span> <span class='ocrx_word' id='word_1_135' title='bbox 376 1168 647 1219; x_wconf 74' lang='grc' dir='ltr'><strong><em>προσέταττεν</em></strong></span> <span class='ocrx_word' id='word_1_136' title='bbox 681 1164 703 1204; x_wconf 78' lang='grc' dir='ltr'>ὁ</span> <span class='ocrx_word' id='word_1_137' title='bbox 735 1163 936 1218; x_wconf 75' lang='grc' dir='ltr'><strong><em>βασιλεύς</em></strong></span> <span class='ocrx_word' id='word_1_138' title='bbox 967 1165 1094 1206; x_wconf 79' lang='grc' dir='ltr'><strong><em>τοῦτο</em></strong></span> <span class='ocrx_word' id='word_1_139' title='bbox 1125 1164 1312 1218; x_wconf 83' lang='grc' dir='ltr'><strong><em>ποιῆσαι.</em></strong></span> <span class='ocrx_word' id='word_1_140' title='bbox 1343 1165 1421 1205; x_wconf 77' lang='grc' dir='ltr'><strong><em>τοῦ</em></strong></span> <span class='ocrx_word' id='word_1_141' title='bbox 1446 1164 1491 1204; x_wconf 76' lang='grc' dir='ltr'><strong>δὲ</strong></span> <span class='ocrx_word' id='word_1_142' title='bbox 1508 1166 1599 1204; x_wconf 84' lang='grc' dir='ltr'><strong>Βα-</strong></span> 
     </span>
     <span class='ocr_line' id='line_1_19' title="bbox 149 1227 1602 1288; baseline -0.003 -15"><span class='ocrx_word' id='word_1_143' title='bbox 149 1231 308 1273; x_wconf 84' lang='grc' dir='ltr'><strong><em>σιλείου</em></strong></span> <span class='ocrx_word' id='word_1_144' title='bbox 339 1231 594 1280; x_wconf 77' lang='grc' dir='ltr'><strong><em>ε’πινεύοντος</em></strong></span> <span class='ocrx_word' id='word_1_145' title='bbox 639 1231 755 1288; x_wconf 70' lang='grc' dir='ltr'><strong><em>αὐτῷ</em></strong></span> <span class='ocrx_word' id='word_1_146' title='bbox 784 1231 1023 1284; x_wconf 72' lang='grc' dir='ltr'><strong><em>ὑπεδήσατο</em></strong></span> <span class='ocrx_word' id='word_1_147' title='bbox 1059 1229 1111 1271; x_wconf 83' lang='grc' dir='ltr'><strong>τὰ</strong></span> <span class='ocrx_word' id='word_1_148' title='bbox 1144 1231 1336 1284; x_wconf 79' lang='grc' dir='ltr'><strong><em>τζαγγία.</em></strong></span> <span class='ocrx_word' id='word_1_149' title='bbox 1394 1228 1476 1284; x_wconf 80' lang='grc' dir='ltr'><strong>ἔφη</strong></span> <span class='ocrx_word' id='word_1_150' title='bbox 1504 1231 1549 1270; x_wconf 79' lang='grc' dir='ltr'><strong>δὲ</strong></span> <span class='ocrx_word' id='word_1_151' title='bbox 1581 1227 1602 1268; x_wconf 81' lang='grc' dir='ltr'><strong>ὅ</strong></span> 
     </span>
     <span class='ocr_line' id='line_1_20' title="bbox 150 1293 1603 1355; baseline -0.001 -17"><span class='ocrx_word' id='word_1_152' title='bbox 150 1296 352 1350; x_wconf 68' lang='grc' dir='ltr'><strong><em>βασιλεύς</em></strong></span> <span class='ocrx_word' id='word_1_153' title='bbox 380 1300 474 1349; x_wconf 72' lang='grc' dir='ltr'><strong>μεθ’</strong></span> <span class='ocrx_word' id='word_1_154' title='bbox 503 1294 629 1351; x_wconf 74' lang='grc' dir='ltr'><strong><em>ὅρκου</em></strong></span> <span class='ocrx_word' id='word_1_155' title='bbox 660 1298 717 1355; x_wconf 76' lang='grc' dir='ltr'><strong>τῷ</strong></span> <span class='ocrx_word' id='word_1_156' title='bbox 749 1301 961 1354; x_wconf 79' lang='grc' dir='ltr'><strong><em>Βασιλείῳ</em></strong></span> <span class='ocrx_word' id='word_1_157' title='bbox 991 1296 1049 1346; x_wconf 77' lang='grc' dir='ltr'><strong>ὥς</strong></span> <span class='ocrx_word' id='word_1_158' title='bbox 1082 1296 1188 1350; x_wconf 70' lang='grc' dir='ltr'><strong><em>ὑπὲρ</em></strong></span> <span class='ocrx_word' id='word_1_159' title='bbox 1221 1297 1269 1338; x_wconf 82' lang='grc' dir='ltr'><strong>σὲ</strong></span> <span class='ocrx_word' id='word_1_160' title='bbox 1297 1293 1460 1338; x_wconf 79' lang='grc' dir='ltr'><strong><em>κάλλιον</em></strong></span> <span class='ocrx_word' id='word_1_161' title='bbox 1488 1295 1603 1352; x_wconf 67' lang='grc' dir='ltr'><strong><em>αὕτῷ</em></strong></span> 
     </span>
     <span class='ocr_line' id='line_1_21' title="bbox 151 1362 1602 1417; baseline -0.002 -13"><span class='ocrx_word' id='word_1_162' title='bbox 151 1365 393 1417; x_wconf 82' lang='grc' dir='ltr'><strong><em>πρέπουσιν.</em></strong></span> <span class='ocrx_word' id='word_1_163' title='bbox 423 1362 481 1417; x_wconf 73' lang='grc' dir='ltr'><strong>μή</strong></span> <span class='ocrx_word' id='word_1_164' title='bbox 502 1364 581 1417; x_wconf 79' lang='grc' dir='ltr'><strong>γὰρ</strong></span> <span class='ocrx_word' id='word_1_165' title='bbox 609 1365 683 1404; x_wconf 71' lang='grc' dir='ltr'><strong><em>οὐκ</em></strong></span> <span class='ocrx_word' id='word_1_166' title='bbox 703 1362 787 1416; x_wconf 82' lang='grc' dir='ltr'><strong>ἔχω</strong></span> <span class='ocrx_word' id='word_1_167' title='bbox 807 1364 1011 1417; x_wconf 79' lang='grc' dir='ltr'><strong><em>ἐξουσίαν,</em></strong></span> <span class='ocrx_word' id='word_1_168' title='bbox 1044 1362 1101 1412; x_wconf 77' lang='grc' dir='ltr'><strong>ὥς</strong></span> <span class='ocrx_word' id='word_1_169' title='bbox 1127 1363 1176 1405; x_wconf 83' lang='grc' dir='ltr'><strong>σὲ</strong></span> <span class='ocrx_word' id='word_1_170' title='bbox 1205 1363 1383 1416; x_wconf 83' lang='grc' dir='ltr'><strong><em>βασιλέα</em></strong></span> <span class='ocrx_word' id='word_1_171' title='bbox 1414 1364 1602 1416; x_wconf 78' lang='grc' dir='ltr'><strong><em>ἐποίησα,</em></strong></span> 
     </span>
     <span class='ocr_line' id='line_1_22' title="bbox 155 1426 1604 1484; baseline -0.001 -15"><span class='ocrx_word' id='word_1_172' title='bbox 155 1432 227 1471; x_wconf 79' lang='grc' dir='ltr'><strong>καί</strong></span> <span class='ocrx_word' id='word_1_173' title='bbox 257 1428 382 1471; x_wconf 76' lang='grc' dir='ltr'><strong><em>ἄλλον</em></strong></span> <span class='ocrx_word' id='word_1_174' title='bbox 411 1432 604 1484; x_wconf 69' lang='grc' dir='ltr'><strong><em>ποιῆσαις</em></strong></span> <span class='ocrx_word' id='word_1_175' title='bbox 632 1431 705 1471; x_wconf 82' lang='grc' dir='ltr'><em>καί</em></span> <span class='ocrx_word' id='word_1_176' title='bbox 730 1429 926 1483; x_wconf 71' lang='grc' dir='ltr'><strong><em>ὠργίζετο</em></strong></span> <span class='ocrx_word' id='word_1_177' title='bbox 947 1427 1048 1471; x_wconf 81' lang='grc' dir='ltr'><strong><em>κατὰ</em></strong></span> <span class='ocrx_word' id='word_1_178' title='bbox 1069 1431 1296 1471; x_wconf 84' lang='grc' dir='ltr'><strong><em>Βασιλείου</em></strong></span> <span class='ocrx_word' id='word_1_179' title='bbox 1324 1426 1604 1481; x_wconf 75' lang='grc' dir='ltr'><strong><em>θυμούμενος.</em></strong></span> 
     </span>
     <span class='ocr_line' id='line_1_23' title="bbox 96 1493 1603 1552; baseline -0.002 -15"><span class='ocrx_word' id='word_1_180' title='bbox 96 1508 141 1541; x_wconf 85' lang='lat'><strong>20</strong></span> <span class='ocrx_word' id='word_1_181' title='bbox 157 1493 399 1550; x_wconf 74' lang='grc' dir='ltr'><strong><em>δακρύουσα</em></strong></span> <span class='ocrx_word' id='word_1_182' title='bbox 441 1497 487 1538; x_wconf 79' lang='grc' dir='ltr'><strong>δὲ</strong></span> <span class='ocrx_word' id='word_1_183' title='bbox 515 1496 541 1550; x_wconf 82' lang='grc' dir='ltr'><em>ἦ</em></span> <span class='ocrx_word' id='word_1_184' title='bbox 570 1496 753 1538; x_wconf 76' lang='grc' dir='ltr'><strong><em>Εὕδοκία</em></strong></span> <span class='ocrx_word' id='word_1_185' title='bbox 783 1495 866 1551; x_wconf 80' lang='grc' dir='ltr'><strong>ἔφη</strong></span> <span class='ocrx_word' id='word_1_186' title='bbox 896 1497 952 1552; x_wconf 76' lang='grc' dir='ltr'><strong>τῷ</strong></span> <span class='ocrx_word' id='word_1_187' title='bbox 990 1499 1164 1549; x_wconf 82' lang='grc' dir='ltr'><strong><em>βασιλεῖ</em></strong></span> <span class='ocrx_word' id='word_1_188' title='bbox 1181 1493 1253 1536; x_wconf 73' lang='lat' dir='ltr'><strong>“ui</strong></span> <span class='ocrx_word' id='word_1_189' title='bbox 1283 1495 1359 1549; x_wconf 78' lang='grc' dir='ltr'><strong>τῆς</strong></span> <span class='ocrx_word' id='word_1_190' title='bbox 1385 1495 1603 1547; x_wconf 83' lang='grc' dir='ltr'><strong><em>βασιλείας</em></strong></span> 
     </span>
     <span class='ocr_line' id='line_1_24' title="bbox 154 1557 1641 1617; baseline -0.003 -14"><span class='ocrx_word' id='word_1_191' title='bbox 154 1563 340 1613; x_wconf 77' lang='grc' dir='ltr'><strong><em>α’ξίωμα,</em></strong></span> <span class='ocrx_word' id='word_1_192' title='bbox 382 1561 560 1604; x_wconf 81' lang='grc' dir='ltr'><strong><em>ὸέσποτά</em></strong></span> <span class='ocrx_word' id='word_1_193' title='bbox 596 1577 705 1617; x_wconf 77' lang='grc' dir='ltr'><strong><em>μου,</em></strong></span> <span class='ocrx_word' id='word_1_194' title='bbox 743 1563 850 1616; x_wconf 78' lang='grc' dir='ltr'><strong><em>μέγα</em></strong></span> <span class='ocrx_word' id='word_1_195' title='bbox 882 1563 1018 1614; x_wconf 84' lang='grc' dir='ltr'><strong><em>ἐστίν,</em></strong></span> <span class='ocrx_word' id='word_1_196' title='bbox 1065 1561 1137 1604; x_wconf 83' lang='grc' dir='ltr'><em>καί</em></span> <span class='ocrx_word' id='word_1_197' title='bbox 1165 1561 1342 1613; x_wconf 79' lang='grc' dir='ltr'><strong><em>α’ναξίως</em></strong></span> <span class='ocrx_word' id='word_1_198' title='bbox 1379 1562 1453 1602; x_wconf 81' lang='grc' dir='ltr'><strong>καί</strong></span> <span class='ocrx_word' id='word_1_199' title='bbox 1481 1557 1641 1614; x_wconf 72' lang='grc' dir='ltr'><strong>ἧμεῖςῦ</strong></span> 
     </span>
     <span class='ocr_line' id='line_1_25' title="bbox 154 1626 1601 1685; baseline 0 -16"><span class='ocrx_word' id='word_1_200' title='bbox 154 1628 426 1684; x_wconf 75' lang='grc' dir='ltr'><strong><em>ε’τιμήθημεν,</em></strong></span> <span class='ocrx_word' id='word_1_201' title='bbox 457 1631 530 1671; x_wconf 80' lang='grc' dir='ltr'><strong>καί</strong></span> <span class='ocrx_word' id='word_1_202' title='bbox 551 1629 600 1670; x_wconf 78' lang='grc' dir='ltr'><strong><em>οὐ</em></strong></span> <span class='ocrx_word' id='word_1_203' title='bbox 629 1627 793 1671; x_wconf 76' lang='grc' dir='ltr'><strong><em>δίκαιόν</em></strong></span> <span class='ocrx_word' id='word_1_204' title='bbox 822 1630 909 1672; x_wconf 79' lang='grc' dir='ltr'><strong><em>ἐστι</em></strong></span> <span class='ocrx_word' id='word_1_205' title='bbox 938 1630 1294 1685; x_wconf 74' lang='grc' dir='ltr'><strong><em>καταφρονεῖσθαι</em></strong></span> <span class='ocrx_word' id='word_1_206' title='bbox 1324 1626 1473 1670; x_wconf 75' lang='grc' dir='ltr'><strong><em>αιῖτό.”</em></strong></span> <span class='ocrx_word' id='word_1_207' title='bbox 1504 1626 1525 1668; x_wconf 81' lang='grc' dir='ltr'>ὁ</span> <span class='ocrx_word' id='word_1_208' title='bbox 1554 1628 1601 1669; x_wconf 78' lang='grc' dir='ltr'><strong>δὲ</strong></span> 
     </span>
    </p>
   </div>
   <div class='ocr_carea' id='block_1_7' title="bbox 155 1811 1602 2755">
    <p class='ocr_par' dir='ltr' id='par_1_7' title="bbox 155 1811 1601 1939">
     <span class='ocr_line' id='line_1_26' title="bbox 155 1811 1601 1858; baseline 0 -14"><span class='ocrx_word' id='word_1_209' title='bbox 155 1811 392 1856; x_wconf 84' lang='lat' dir='ltr'><strong>Copronymi,</strong></span> <span class='ocrx_word' id='word_1_210' title='bbox 419 1812 520 1845; x_wconf 84' lang='lat' dir='ltr'><strong>viridi</strong></span> <span class='ocrx_word' id='word_1_211' title='bbox 546 1824 717 1846; x_wconf 84' lang='lat' dir='ltr'><strong>marmore</strong></span> <span class='ocrx_word' id='word_1_212' title='bbox 742 1818 816 1846; x_wconf 84' lang='lat' dir='ltr'><strong>arte</strong></span> <span class='ocrx_word' id='word_1_213' title='bbox 852 1813 942 1846; x_wconf 78' lang='lat' dir='ltr'><strong>mira</strong></span> <span class='ocrx_word' id='word_1_214' title='bbox 968 1813 1164 1858; x_wconf 85' lang='lat' dir='ltr'><strong>composito</strong></span> <span class='ocrx_word' id='word_1_215' title='bbox 1183 1836 1192 1853; x_wconf 85' lang='lat'><strong><em>‚</em></strong></span> <span class='ocrx_word' id='word_1_216' title='bbox 1219 1818 1255 1846; x_wconf 85' lang='lat' dir='ltr'><strong>et</strong></span> <span class='ocrx_word' id='word_1_217' title='bbox 1291 1823 1383 1845; x_wconf 82' lang='lat' dir='ltr'><strong>serra</strong></span> <span class='ocrx_word' id='word_1_218' title='bbox 1408 1821 1474 1857; x_wconf 87' lang='lat' dir='ltr'><strong>per</strong></span> <span class='ocrx_word' id='word_1_219' title='bbox 1499 1812 1601 1844; x_wconf 85' lang='lat' dir='ltr'><strong>coiu-</strong></span> 
     </span>
     <span class='ocr_line' id='line_1_27' title="bbox 156 1859 1600 1906; baseline 0.001 -15"><span class='ocrx_word' id='word_1_220' title='bbox 156 1870 256 1892; x_wconf 81' lang='lat' dir='ltr'><strong>mnas</strong></span> <span class='ocrx_word' id='word_1_221' title='bbox 279 1859 386 1892; x_wconf 81' lang='lat' dir='ltr'><strong>scisso</strong></span> <span class='ocrx_word' id='word_1_222' title='bbox 413 1861 581 1905; x_wconf 81' lang='lat' dir='ltr'><strong>repagula</strong></span> <span class='ocrx_word' id='word_1_223' title='bbox 604 1862 641 1893; x_wconf 88' lang='lat' dir='ltr'><strong>in</strong></span> <span class='ocrx_word' id='word_1_224' title='bbox 666 1861 882 1894; x_wconf 77' lang='lat' dir='ltr'><strong>monasterio</strong></span> <span class='ocrx_word' id='word_1_225' title='bbox 910 1860 955 1894; x_wconf 85' lang='lat' dir='ltr'><strong>ab</strong></span> <span class='ocrx_word' id='word_1_226' title='bbox 984 1872 1026 1894; x_wconf 93' lang='lat' dir='ltr'><strong>eo</strong></span> <span class='ocrx_word' id='word_1_227' title='bbox 1055 1859 1101 1893; x_wconf 80' lang='lat' dir='ltr'><strong>ad</strong></span> <span class='ocrx_word' id='word_1_228' title='bbox 1126 1860 1225 1893; x_wconf 80' lang='lat' dir='ltr'>Phari</span> <span class='ocrx_word' id='word_1_229' title='bbox 1252 1860 1426 1906; x_wconf 80' lang='lat' dir='ltr'><strong>palatium</strong></span> <span class='ocrx_word' id='word_1_230' title='bbox 1453 1859 1600 1893; x_wconf 79' lang='lat' dir='ltr'><strong>condito</strong></span> 
     </span>
     <span class='ocr_line' id='line_1_28' title="bbox 157 1906 323 1939; baseline -0.006 0"><span class='ocrx_word' id='word_1_231' title='bbox 157 1906 323 1939; x_wconf 77' lang='lat' dir='ltr'>confecit.</span> 
     </span>
    </p>

    <p class='ocr_par' dir='ltr' id='par_1_8' title="bbox 155 1953 1602 2755">
     <span class='ocr_line' id='line_1_29' title="bbox 248 1953 1602 1997; baseline 0.001 -12"><span class='ocrx_word' id='word_1_232' title='bbox 248 1953 414 1986; x_wconf 81' lang='lat' dir='ltr'><strong>Ceterum</strong></span> <span class='ocrx_word' id='word_1_233' title='bbox 458 1954 650 1997; x_wconf 78' lang='lat' dir='ltr'><strong>imperator</strong></span> <span class='ocrx_word' id='word_1_234' title='bbox 686 1955 758 1988; x_wconf 87' lang='lat' dir='ltr'><strong>Leo</strong></span> <span class='ocrx_word' id='word_1_235' title='bbox 784 1966 828 1988; x_wconf 83' lang='lat' dir='ltr'><strong>ex</strong></span> <span class='ocrx_word' id='word_1_236' title='bbox 855 1954 1032 1988; x_wconf 83' lang='lat' dir='ltr'><strong>Michaele</strong></span> <span class='ocrx_word' id='word_1_237' title='bbox 1068 1960 1104 1988; x_wconf 84' lang='lat' dir='ltr'><strong>et</strong></span> <span class='ocrx_word' id='word_1_238' title='bbox 1131 1953 1284 1987; x_wconf 54' lang='lat' dir='ltr'><strong>laudocia</strong></span> <span class='ocrx_word' id='word_1_239' title='bbox 1307 1954 1469 1997; x_wconf 85' lang='lat' dir='ltr'><strong>Ingerina</strong></span> <span class='ocrx_word' id='word_1_240' title='bbox 1495 1958 1602 1987; x_wconf 79' lang='lat' dir='ltr'><strong>natus</strong></span> 
     </span>
     <span class='ocr_line' id='line_1_30' title="bbox 157 2000 1602 2047; baseline 0.001 -15"><span class='ocrx_word' id='word_1_241' title='bbox 157 2005 223 2040; x_wconf 78' lang='lat' dir='ltr'><strong>est,</strong></span> <span class='ocrx_word' id='word_1_242' title='bbox 250 2002 441 2045; x_wconf 70' lang='lat' dir='ltr'><strong>superstite</strong></span> <span class='ocrx_word' id='word_1_243' title='bbox 474 2000 589 2034; x_wconf 78' lang='lat' dir='ltr'><strong>adhuc</strong></span> <span class='ocrx_word' id='word_1_244' title='bbox 623 2002 818 2044; x_wconf 82' lang='lat' dir='ltr'><strong>Michaele,</strong></span> <span class='ocrx_word' id='word_1_245' title='bbox 854 2003 968 2047; x_wconf 80' lang='lat' dir='ltr'><strong>prima</strong></span> <span class='ocrx_word' id='word_1_246' title='bbox 1001 2002 1129 2035; x_wconf 81' lang='lat' dir='ltr'>mensis</span> <span class='ocrx_word' id='word_1_247' title='bbox 1156 2002 1274 2047; x_wconf 85' lang='lat' dir='ltr'><strong>quarti</strong></span> <span class='ocrx_word' id='word_1_248' title='bbox 1300 2000 1371 2041; x_wconf 85' lang='lat' dir='ltr'><strong>die,</strong></span> <span class='ocrx_word' id='word_1_249' title='bbox 1402 2000 1602 2034; x_wconf 77' lang='lat' dir='ltr'><strong>indictione</strong></span> 
     </span>
     <span class='ocr_line' id='line_1_31' title="bbox 156 2047 1599 2095; baseline 0 -15"><span class='ocrx_word' id='word_1_250' title='bbox 156 2047 290 2080; x_wconf 82' lang='lat' dir='ltr'><strong>decima</strong></span> <span class='ocrx_word' id='word_1_251' title='bbox 317 2048 452 2093; x_wconf 81' lang='lat' dir='ltr'><strong>quinta.</strong></span> <span class='ocrx_word' id='word_1_252' title='bbox 511 2054 694 2093; x_wconf 82' lang='lat' dir='ltr'><strong>equestres</strong></span> <span class='ocrx_word' id='word_1_253' title='bbox 740 2061 843 2095; x_wconf 84' lang='lat' dir='ltr'><strong>porro</strong></span> <span class='ocrx_word' id='word_1_254' title='bbox 874 2049 976 2083; x_wconf 73' lang='lat' dir='ltr'><strong>ludos</strong></span> <span class='ocrx_word' id='word_1_255' title='bbox 1014 2050 1091 2094; x_wconf 82' lang='lat' dir='ltr'><strong>ipse</strong></span> <span class='ocrx_word' id='word_1_256' title='bbox 1118 2049 1281 2082; x_wconf 81' lang='lat' dir='ltr'><strong>Venetae</strong></span> <span class='ocrx_word' id='word_1_257' title='bbox 1307 2048 1455 2081; x_wconf 82' lang='lat' dir='ltr'><strong>factioni</strong></span> <span class='ocrx_word' id='word_1_258' title='bbox 1483 2059 1599 2080; x_wconf 84' lang='lat' dir='ltr'><strong>annu-</strong></span> 
     </span>
     <span class='ocr_line' id='line_1_32' title="bbox 155 2094 1599 2142; baseline 0.001 -15"><span class='ocrx_word' id='word_1_259' title='bbox 155 2100 310 2127; x_wconf 81' lang='lat' dir='ltr'><strong>meratus</strong></span> <span class='ocrx_word' id='word_1_260' title='bbox 349 2094 394 2126; x_wconf 77' lang='lat' dir='ltr'><strong>ad</strong></span> <span class='ocrx_word' id='word_1_261' title='bbox 430 2095 464 2128; x_wconf 87' lang='lat' dir='ltr'><strong>S.</strong></span> <span class='ocrx_word' id='word_1_262' title='bbox 492 2095 705 2130; x_wconf 82' lang='lat' dir='ltr'><strong>Mamantem</strong></span> <span class='ocrx_word' id='word_1_263' title='bbox 732 2097 926 2142; x_wconf 85' lang='lat' dir='ltr'><strong>imperator</strong></span> <span class='ocrx_word' id='word_1_264' title='bbox 959 2095 1083 2130; x_wconf 85' lang='lat' dir='ltr'><strong>edidit.</strong></span> <span class='ocrx_word' id='word_1_265' title='bbox 1131 2096 1386 2133; x_wconf 81' lang='lat' dir='ltr'><strong>Constantinus</strong></span> <span class='ocrx_word' id='word_1_266' title='bbox 1412 2100 1529 2128; x_wconf 78' lang='lat' dir='ltr'><strong>autem</strong></span> <span class='ocrx_word' id='word_1_267' title='bbox 1556 2107 1599 2128; x_wconf 86' lang='lat' dir='ltr'><strong>ex</strong></span> 
     </span>
     <span class='ocr_line' id='line_1_33' title="bbox 156 2141 1598 2189; baseline 0.001 -15"><span class='ocrx_word' id='word_1_268' title='bbox 156 2142 315 2174; x_wconf 78' lang='lat' dir='ltr'><strong>Armenis</strong></span> <span class='ocrx_word' id='word_1_269' title='bbox 357 2141 549 2182; x_wconf 83' lang='lat' dir='ltr'><strong>oriundus,</strong></span> <span class='ocrx_word' id='word_1_270' title='bbox 592 2143 755 2177; x_wconf 82' lang='lat' dir='ltr'><strong>Thomae</strong></span> <span class='ocrx_word' id='word_1_271' title='bbox 789 2145 929 2189; x_wconf 82' lang='lat' dir='ltr'><strong>patricii</strong></span> <span class='ocrx_word' id='word_1_272' title='bbox 969 2149 1005 2177; x_wconf 90' lang='lat' dir='ltr'><strong>et</strong></span> <span class='ocrx_word' id='word_1_273' title='bbox 1040 2145 1176 2188; x_wconf 85' lang='lat' dir='ltr'><strong>genesii</strong></span> <span class='ocrx_word' id='word_1_274' title='bbox 1209 2149 1334 2189; x_wconf 86' lang='lat' dir='ltr'><strong>pater,</strong></span> <span class='ocrx_word' id='word_1_275' title='bbox 1369 2143 1598 2176; x_wconf 80' lang='lat' dir='ltr'><strong>excubiarum</strong></span> 
     </span>
     <span class='ocr_line' id='line_1_34' title="bbox 157 2187 1598 2236; baseline 0.001 -16"><span class='ocrx_word' id='word_1_276' title='bbox 157 2187 387 2232; x_wconf 78' lang='lat' dir='ltr'><strong>drungarius,</strong></span> <span class='ocrx_word' id='word_1_277' title='bbox 421 2189 516 2222; x_wconf 87' lang='lat' dir='ltr'><strong>inter</strong></span> <span class='ocrx_word' id='word_1_278' title='bbox 549 2190 633 2224; x_wconf 85' lang='lat' dir='ltr'><strong>illos</strong></span> <span class='ocrx_word' id='word_1_279' title='bbox 659 2191 760 2224; x_wconf 85' lang='lat' dir='ltr'><strong>albus</strong></span> <span class='ocrx_word' id='word_1_280' title='bbox 788 2191 974 2236; x_wconf 86' lang='lat' dir='ltr'><strong>equitavit,</strong></span> <span class='ocrx_word' id='word_1_281' title='bbox 1005 2191 1195 2234; x_wconf 84' lang='lat' dir='ltr'><strong>Agalianus</strong></span> <span class='ocrx_word' id='word_1_282' title='bbox 1221 2191 1397 2236; x_wconf 82' lang='lat' dir='ltr'><strong>equitavit</strong></span> <span class='ocrx_word' id='word_1_283' title='bbox 1424 2191 1598 2230; x_wconf 66' lang='lat' dir='ltr'><strong>Prmxiuus,</strong></span> 
     </span>
     <span class='ocr_line' id='line_1_35' title="bbox 158 2234 1599 2284; baseline 0.002 -17"><span class='ocrx_word' id='word_1_284' title='bbox 158 2234 225 2268; x_wconf 82' lang='lat' dir='ltr'><strong>hoc</strong></span> <span class='ocrx_word' id='word_1_285' title='bbox 250 2241 303 2268; x_wconf 90' lang='lat' dir='ltr'><strong>est</strong></span> <span class='ocrx_word' id='word_1_286' title='bbox 325 2235 461 2277; x_wconf 81' lang='lat' dir='ltr'><strong>viridis,</strong></span> <span class='ocrx_word' id='word_1_287' title='bbox 487 2236 607 2270; x_wconf 79' lang='lat' dir='ltr'><strong>erasas</strong></span> <span class='ocrx_word' id='word_1_288' title='bbox 637 2238 779 2271; x_wconf 86' lang='lat' dir='ltr'><strong>tandem</strong></span> <span class='ocrx_word' id='word_1_289' title='bbox 806 2239 960 2271; x_wconf 81' lang='lat' dir='ltr'><strong>Russius.</strong></span> <span class='ocrx_word' id='word_1_290' title='bbox 1010 2238 1222 2284; x_wconf 82' lang='lat' dir='ltr'><strong>imperatore</strong></span> <span class='ocrx_word' id='word_1_291' title='bbox 1249 2238 1429 2271; x_wconf 85' lang='lat' dir='ltr'><strong>declarato</strong></span> <span class='ocrx_word' id='word_1_292' title='bbox 1453 2238 1599 2277; x_wconf 83' lang='lat' dir='ltr'><strong>victore,</strong></span> 
     </span>
     <span class='ocr_line' id='line_1_36' title="bbox 159 2282 1599 2329; baseline 0.002 -15"><span class='ocrx_word' id='word_1_293' title='bbox 159 2288 196 2315; x_wconf 87' lang='lat' dir='ltr'><strong>et</strong></span> <span class='ocrx_word' id='word_1_294' title='bbox 217 2282 262 2314; x_wconf 84' lang='lat' dir='ltr'><strong>ad</strong></span> <span class='ocrx_word' id='word_1_295' title='bbox 291 2294 436 2316; x_wconf 82' lang='lat' dir='ltr'><strong>coenam</strong></span> <span class='ocrx_word' id='word_1_296' title='bbox 463 2295 533 2316; x_wconf 83' lang='lat' dir='ltr'><strong>una</strong></span> <span class='ocrx_word' id='word_1_297' title='bbox 561 2297 637 2317; x_wconf 84' lang='lat' dir='ltr'><strong>cum</strong></span> <span class='ocrx_word' id='word_1_298' title='bbox 662 2285 794 2318; x_wconf 80' lang='lat' dir='ltr'><strong>Basilio</strong></span> <span class='ocrx_word' id='word_1_299' title='bbox 824 2292 860 2318; x_wconf 86' lang='lat' dir='ltr'><strong>et</strong></span> <span class='ocrx_word' id='word_1_300' title='bbox 884 2285 1039 2318; x_wconf 79' lang='lat' dir='ltr'><strong>Eudocia</strong></span> <span class='ocrx_word' id='word_1_301' title='bbox 1066 2284 1226 2326; x_wconf 85' lang='lat' dir='ltr'><strong>sedente,</strong></span> <span class='ocrx_word' id='word_1_302' title='bbox 1250 2285 1503 2318; x_wconf 81' lang='lat' dir='ltr'><strong>Basiliseianus</strong></span> <span class='ocrx_word' id='word_1_303' title='bbox 1531 2295 1599 2329; x_wconf 81' lang='lat' dir='ltr'><strong>pa-</strong></span> 
     </span>
     <span class='ocr_line' id='line_1_37' title="bbox 157 2329 1601 2378; baseline 0.002 -17"><span class='ocrx_word' id='word_1_304' title='bbox 157 2330 292 2370; x_wconf 87' lang='lat' dir='ltr'><strong>tricius,</strong></span> <span class='ocrx_word' id='word_1_305' title='bbox 318 2329 364 2363; x_wconf 91' lang='lat' dir='ltr'><strong>ob</strong></span> <span class='ocrx_word' id='word_1_306' title='bbox 394 2342 533 2364; x_wconf 88' lang='lat' dir='ltr'><strong>currum</strong></span> <span class='ocrx_word' id='word_1_307' title='bbox 560 2332 604 2364; x_wconf 83' lang='lat' dir='ltr'><strong>ab</strong></span> <span class='ocrx_word' id='word_1_308' title='bbox 633 2344 675 2366; x_wconf 87' lang='lat' dir='ltr'><strong>eo</strong></span> <span class='ocrx_word' id='word_1_309' title='bbox 702 2334 851 2366; x_wconf 84' lang='lat' dir='ltr'><strong>solerter</strong></span> <span class='ocrx_word' id='word_1_310' title='bbox 868 2338 1000 2365; x_wconf 84' lang='lat' dir='ltr'><strong>rectum</strong></span> <span class='ocrx_word' id='word_1_311' title='bbox 1025 2333 1276 2378; x_wconf 81' lang='lat' dir='ltr'><strong>imperatorem</strong></span> <span class='ocrx_word' id='word_1_312' title='bbox 1299 2332 1482 2366; x_wconf 82' lang='lat' dir='ltr'><strong>laudabat.</strong></span> <span class='ocrx_word' id='word_1_313' title='bbox 1518 2343 1601 2365; x_wconf 88' lang='lat' dir='ltr'><strong>eum</strong></span> 
     </span>
     <span class='ocr_line' id='line_1_38' title="bbox 158 2377 1600 2425; baseline 0.004 -17"><span class='ocrx_word' id='word_1_314' title='bbox 158 2377 350 2420; x_wconf 85' lang='lat' dir='ltr'><strong>imperator</strong></span> <span class='ocrx_word' id='word_1_315' title='bbox 381 2388 523 2422; x_wconf 85' lang='lat' dir='ltr'><strong>surgere</strong></span> <span class='ocrx_word' id='word_1_316' title='bbox 559 2385 596 2412; x_wconf 84' lang='lat' dir='ltr'><strong>et</strong></span> <span class='ocrx_word' id='word_1_317' title='bbox 634 2381 836 2425; x_wconf 83' lang='lat' dir='ltr'><strong>imperiales</strong></span> <span class='ocrx_word' id='word_1_318' title='bbox 871 2391 990 2413; x_wconf 81' lang='lat' dir='ltr'><strong>ocreas</strong></span> <span class='ocrx_word' id='word_1_319' title='bbox 1026 2379 1214 2413; x_wconf 86' lang='lat' dir='ltr'><strong>detrahere</strong></span> <span class='ocrx_word' id='word_1_320' title='bbox 1249 2385 1286 2413; x_wconf 87' lang='lat' dir='ltr'><strong>et</strong></span> <span class='ocrx_word' id='word_1_321' title='bbox 1307 2380 1459 2413; x_wconf 87' lang='lat' dir='ltr'><strong>induere</strong></span> <span class='ocrx_word' id='word_1_322' title='bbox 1486 2380 1600 2414; x_wconf 82' lang='lat' dir='ltr'><strong>iussit.</strong></span> 
     </span>
     <span class='ocr_line' id='line_1_39' title="bbox 159 2424 1600 2472; baseline 0.003 -17"><span class='ocrx_word' id='word_1_323' title='bbox 159 2424 221 2456; x_wconf 83' lang='lat' dir='ltr'><strong>illo</strong></span> <span class='ocrx_word' id='word_1_324' title='bbox 247 2429 418 2457; x_wconf 87' lang='lat' dir='ltr'><strong>renuente</strong></span> <span class='ocrx_word' id='word_1_325' title='bbox 445 2431 480 2458; x_wconf 88' lang='lat' dir='ltr'><strong>et</strong></span> <span class='ocrx_word' id='word_1_326' title='bbox 504 2427 542 2459; x_wconf 90' lang='lat' dir='ltr'><strong>in</strong></span> <span class='ocrx_word' id='word_1_327' title='bbox 564 2426 734 2460; x_wconf 83' lang='lat' dir='ltr'><strong>Basilium</strong></span> <span class='ocrx_word' id='word_1_328' title='bbox 761 2428 886 2460; x_wconf 78' lang='lat' dir='ltr'><strong>ocutos</strong></span> <span class='ocrx_word' id='word_1_329' title='bbox 910 2427 1135 2467; x_wconf 82' lang='lat' dir='ltr'><strong>coniiciente,</strong></span> <span class='ocrx_word' id='word_1_330' title='bbox 1161 2427 1355 2472; x_wconf 80' lang='lat' dir='ltr'><strong>imperator</strong></span> <span class='ocrx_word' id='word_1_331' title='bbox 1373 2438 1450 2458; x_wconf 88' lang='lat' dir='ltr'><strong>cum</strong></span> <span class='ocrx_word' id='word_1_332' title='bbox 1478 2427 1600 2460; x_wconf 77' lang='lat' dir='ltr'><strong>furore</strong></span> 
     </span>
     <span class='ocr_line' id='line_1_40' title="bbox 158 2471 1601 2520; baseline 0.002 -17"><span class='ocrx_word' id='word_1_333' title='bbox 158 2471 207 2503; x_wconf 82' lang='lat' dir='ltr'><strong>ita</strong></span> <span class='ocrx_word' id='word_1_334' title='bbox 236 2471 310 2503; x_wconf 82' lang='lat' dir='ltr'><strong>fieri</strong></span> <span class='ocrx_word' id='word_1_335' title='bbox 340 2471 533 2506; x_wconf 77' lang='lat' dir='ltr'><strong>mandavit.</strong></span> <span class='ocrx_word' id='word_1_336' title='bbox 586 2480 770 2508; x_wconf 77' lang='lat' dir='ltr'><strong>annuente</strong></span> <span class='ocrx_word' id='word_1_337' title='bbox 793 2473 924 2508; x_wconf 79' lang='lat' dir='ltr'><strong>Basilio</strong></span> <span class='ocrx_word' id='word_1_338' title='bbox 962 2485 1082 2507; x_wconf 77' lang='lat' dir='ltr'><strong>ocreas</strong></span> <span class='ocrx_word' id='word_1_339' title='bbox 1117 2475 1299 2520; x_wconf 85' lang='lat' dir='ltr'><strong>imposuit.</strong></span> <span class='ocrx_word' id='word_1_340' title='bbox 1348 2474 1400 2507; x_wconf 88' lang='lat' dir='ltr'><strong>ait</strong></span> <span class='ocrx_word' id='word_1_341' title='bbox 1421 2484 1507 2506; x_wconf 84' lang='lat' dir='ltr'><strong>vero</strong></span> <span class='ocrx_word' id='word_1_342' title='bbox 1532 2472 1601 2506; x_wconf 84' lang='lat' dir='ltr'><strong>Ba-</strong></span> 
     </span>
     <span class='ocr_line' id='line_1_41' title="bbox 157 2518 1598 2567; baseline 0.003 -18"><span class='ocrx_word' id='word_1_343' title='bbox 157 2518 238 2550; x_wconf 87' lang='lat' dir='ltr'><strong>silio</strong></span> <span class='ocrx_word' id='word_1_344' title='bbox 277 2518 381 2550; x_wconf 82' lang='lat' dir='ltr'><strong>deum</strong></span> <span class='ocrx_word' id='word_1_345' title='bbox 418 2519 616 2554; x_wconf 83' lang='lat' dir='ltr'><strong>obtestatus</strong></span> <span class='ocrx_word' id='word_1_346' title='bbox 641 2522 836 2567; x_wconf 83' lang='lat' dir='ltr'><strong>imperator</strong></span> <span class='ocrx_word' id='word_1_347' title='bbox 875 2522 1031 2555; x_wconf 81' lang='lat' dir='ltr'><strong>“melius</strong></span> <span class='ocrx_word' id='word_1_348' title='bbox 1058 2522 1113 2555; x_wconf 86' lang='lat' dir='ltr'><strong>illi</strong></span> <span class='ocrx_word' id='word_1_349' title='bbox 1140 2533 1245 2567; x_wconf 86' lang='lat' dir='ltr'><strong>quam</strong></span> <span class='ocrx_word' id='word_1_350' title='bbox 1277 2520 1343 2554; x_wconf 86' lang='lat' dir='ltr'><strong>tibi</strong></span> <span class='ocrx_word' id='word_1_351' title='bbox 1380 2526 1598 2563; x_wconf 83' lang='lat' dir='ltr'><strong>congruunt:</strong></span> 
     </span>
     <span class='ocr_line' id='line_1_42' title="bbox 157 2565 1602 2614; baseline 0.001 -16"><span class='ocrx_word' id='word_1_352' title='bbox 157 2565 323 2610; x_wconf 79' lang='lat' dir='ltr'><strong>nunquid</strong></span> <span class='ocrx_word' id='word_1_353' title='bbox 361 2566 455 2599; x_wconf 79' lang='lat' dir='ltr'><strong>enim</strong></span> <span class='ocrx_word' id='word_1_354' title='bbox 473 2592 483 2607; x_wconf 88' lang='lat'><strong><em>‚</em></strong></span> <span class='ocrx_word' id='word_1_355' title='bbox 520 2573 562 2602; x_wconf 86' lang='lat' dir='ltr'><strong>ut</strong></span> <span class='ocrx_word' id='word_1_356' title='bbox 583 2574 620 2602; x_wconf 84' lang='lat' dir='ltr'><strong>te</strong></span> <span class='ocrx_word' id='word_1_357' title='bbox 657 2570 852 2608; x_wconf 87' lang='lat' dir='ltr'><strong>constitui,</strong></span> <span class='ocrx_word' id='word_1_358' title='bbox 890 2569 999 2601; x_wconf 78' lang='lat' dir='ltr'><strong>alium</strong></span> <span class='ocrx_word' id='word_1_359' title='bbox 1023 2570 1157 2614; x_wconf 80' lang='lat' dir='ltr'><strong>pariter</strong></span> <span class='ocrx_word' id='word_1_360' title='bbox 1180 2570 1431 2614; x_wconf 81' lang='lat' dir='ltr'><strong>imperatorem</strong></span> <span class='ocrx_word' id='word_1_361' title='bbox 1457 2566 1602 2601; x_wconf 80' lang='lat' dir='ltr'><strong>creandi</strong></span> 
     </span>
     <span class='ocr_line' id='line_1_43' title="bbox 157 2613 1599 2658; baseline 0.003 -14"><span class='ocrx_word' id='word_1_362' title='bbox 157 2613 242 2646; x_wconf 88' lang='lat' dir='ltr'><strong>mihi</strong></span> <span class='ocrx_word' id='word_1_363' title='bbox 275 2618 433 2658; x_wconf 83' lang='lat' dir='ltr'><strong>potestas</strong></span> <span class='ocrx_word' id='word_1_364' title='bbox 462 2619 515 2647; x_wconf 87' lang='lat' dir='ltr'><strong>est</strong></span> <span class='ocrx_word' id='word_1_365' title='bbox 529 2615 563 2648; x_wconf 85' lang='lat'><strong>?&#39;&#39;</strong></span> <span class='ocrx_word' id='word_1_366' title='bbox 627 2615 714 2649; x_wconf 80' lang='lat' dir='ltr'><strong>haec</strong></span> <span class='ocrx_word' id='word_1_367' title='bbox 741 2616 861 2649; x_wconf 84' lang='lat' dir='ltr'><strong>dicens</strong></span> <span class='ocrx_word' id='word_1_368' title='bbox 893 2616 946 2649; x_wconf 84' lang='lat' dir='ltr'><strong>ira</strong></span> <span class='ocrx_word' id='word_1_369' title='bbox 974 2617 1103 2649; x_wconf 88' lang='lat' dir='ltr'><strong>sensim</strong></span> <span class='ocrx_word' id='word_1_370' title='bbox 1128 2617 1165 2649; x_wconf 88' lang='lat' dir='ltr'><strong>in</strong></span> <span class='ocrx_word' id='word_1_371' title='bbox 1194 2615 1362 2648; x_wconf 78' lang='lat' dir='ltr'><strong>Basilium</strong></span> <span class='ocrx_word' id='word_1_372' title='bbox 1388 2614 1599 2648; x_wconf 79' lang='lat' dir='ltr'><strong>exardesce-</strong></span> 
     </span>
     <span class='ocr_line' id='line_1_44' title="bbox 156 2660 1601 2708; baseline 0.002 -16"><span class='ocrx_word' id='word_1_373' title='bbox 156 2660 228 2693; x_wconf 79' lang='lat' dir='ltr'><strong>bat.</strong></span> <span class='ocrx_word' id='word_1_374' title='bbox 278 2660 436 2693; x_wconf 80' lang='lat' dir='ltr'><strong>Eudocia</strong></span> <span class='ocrx_word' id='word_1_375' title='bbox 466 2672 550 2695; x_wconf 87' lang='lat' dir='ltr'><strong>vero</strong></span> <span class='ocrx_word' id='word_1_376' title='bbox 586 2662 772 2696; x_wconf 82' lang='lat' dir='ltr'><strong>lacrimans</strong></span> <span class='ocrx_word' id='word_1_377' title='bbox 801 2664 1003 2708; x_wconf 86' lang='lat' dir='ltr'><strong>imperatori</strong></span> <span class='ocrx_word' id='word_1_378' title='bbox 1041 2663 1128 2696; x_wconf 82' lang='lat' dir='ltr'><strong>dicit</strong></span> <span class='ocrx_word' id='word_1_379' title='bbox 1153 2663 1316 2707; x_wconf 77' lang='lat' dir='ltr'><strong>“imperii</strong></span> <span class='ocrx_word' id='word_1_380' title='bbox 1344 2661 1510 2706; x_wconf 82' lang='lat' dir='ltr'><strong>dignitas,</strong></span> <span class='ocrx_word' id='word_1_381' title='bbox 1533 2660 1601 2695; x_wconf 83' lang='lat' dir='ltr'><strong>do-</strong></span> 
     </span>
     <span class='ocr_line' id='line_1_45' title="bbox 156 2709 1599 2755; baseline 0.002 -16"><span class='ocrx_word' id='word_1_382' title='bbox 156 2710 251 2740; x_wconf 86' lang='lat' dir='ltr'><strong>mine</strong></span> <span class='ocrx_word' id='word_1_383' title='bbox 280 2709 341 2749; x_wconf 86' lang='lat' dir='ltr'><strong>mi,</strong></span> <span class='ocrx_word' id='word_1_384' title='bbox 367 2714 550 2753; x_wconf 83' lang='lat' dir='ltr'><strong>praestans</strong></span> <span class='ocrx_word' id='word_1_385' title='bbox 577 2716 630 2743; x_wconf 84' lang='lat' dir='ltr'><strong>est</strong></span> <span class='ocrx_word' id='word_1_386' title='bbox 648 2736 657 2750; x_wconf 92' lang='lat'>,</span> <span class='ocrx_word' id='word_1_387' title='bbox 698 2716 734 2744; x_wconf 84' lang='lat' dir='ltr'><strong>et</strong></span> <span class='ocrx_word' id='word_1_388' title='bbox 767 2721 808 2744; x_wconf 78' lang='lat' dir='ltr'><strong>ea</strong></span> <span class='ocrx_word' id='word_1_389' title='bbox 834 2722 899 2743; x_wconf 89' lang='lat' dir='ltr'><strong>nos</strong></span> <span class='ocrx_word' id='word_1_390' title='bbox 939 2709 1076 2755; x_wconf 78' lang='lat' dir='ltr'><strong>indigui</strong></span> <span class='ocrx_word' id='word_1_391' title='bbox 1121 2710 1289 2743; x_wconf 81' lang='lat' dir='ltr'><strong>honorati</strong></span> <span class='ocrx_word' id='word_1_392' title='bbox 1314 2720 1452 2751; x_wconf 60' lang='lat' dir='ltr'><strong>sumu-«³3</strong></span> <span class='ocrx_word' id='word_1_393' title='bbox 1480 2720 1599 2755; x_wconf 86' lang='lat' dir='ltr'><strong>neque</strong></span> 
     </span>
    </p>
   </div>
  </div>
 </body>
</html>
