<?xml version="1.0" encoding="UTF-8"?>
<!DOCTYPE html PUBLIC "-//W3C//DTD XHTML 1.0 Transitional//EN"
    "http://www.w3.org/TR/xhtml1/DTD/xhtml1-transitional.dtd">
<html xmlns="http://www.w3.org/1999/xhtml" xml:lang="en" lang="en">
 <head>
  <title>
</title>
<meta http-equiv="Content-Type" content="text/html;charset=utf-8" />
  <meta name='ocr-system' content='tesseract 3.04.00' />
  <meta name='ocr-capabilities' content='ocr_page ocr_carea ocr_par ocr_line ocrx_word'/>
</head>
<body>
  <div class='ocr_page' id='page_1' title='image "./corpusscriptorum34niebuoft/corpusscriptorum34niebuoft_0333.png"; bbox 0 0 1838 3132; ppageno 0'>
   <div class='ocr_carea' id='block_1_1' title="bbox 540 122 1498 169">
    <p class='ocr_par' dir='ltr' id='par_1_1' title="bbox 540 122 1498 169">
     <span class='ocr_line' id='line_1_1' title="bbox 540 122 1498 169; baseline 0.001 -4"><span class='ocrx_word' id='word_1_1' title='bbox 540 122 1028 167; x_wconf 76' lang='lat' dir='ltr'>CHRONOGRAPHIA.</span> <span class='ocrx_word' id='word_1_2' title='bbox 1058 129 1060 133; x_wconf 89' lang='lat'>&#39;</span> <span class='ocrx_word' id='word_1_3' title='bbox 1407 122 1468 169; x_wconf 81' lang='lat'><strong>32</strong></span> <span class='ocrx_word' id='word_1_4' title='bbox 1478 126 1498 166; x_wconf 83' lang='lat'>1</span> 
     </span>
    </p>
   </div>
   <div class='ocr_carea' id='block_1_2' title="bbox 16 223 1645 1671">
    <p class='ocr_par' dir='ltr' id='par_1_2' title="bbox 16 223 1645 1671">
     <span class='ocr_line' id='line_1_2' title="bbox 67 223 1505 284; baseline -0.001 -16"><span class='ocrx_word' id='word_1_5' title='bbox 67 225 207 279; x_wconf 75' lang='grc' dir='ltr'><strong><em>τρίὸος</em></strong></span> <span class='ocrx_word' id='word_1_6' title='bbox 248 223 318 278; x_wconf 75' lang='grc' dir='ltr'><strong><em>τῆς</em></strong></span> <span class='ocrx_word' id='word_1_7' title='bbox 355 225 439 265; x_wconf 78' lang='grc' dir='ltr'><strong>τῶν</strong></span> <span class='ocrx_word' id='word_1_8' title='bbox 472 223 778 280; x_wconf 75' lang='grc' dir='ltr'><strong>Ἀρμενιακῶν,</strong></span> <span class='ocrx_word' id='word_1_9' title='bbox 819 224 951 280; x_wconf 81' lang='grc' dir='ltr'><strong><em>γάμον</em></strong></span> <span class='ocrx_word' id='word_1_10' title='bbox 978 241 1023 268; x_wconf 81' lang='grc' dir='ltr'><strong>τε</strong></span> <span class='ocrx_word' id='word_1_11' title='bbox 1059 224 1250 284; x_wconf 79' lang='grc' dir='ltr'><strong><em>λαμπρὸν</em></strong></span> <span class='ocrx_word' id='word_1_12' title='bbox 1279 228 1324 268; x_wconf 77' lang='grc' dir='ltr'><strong><em>ἐν</em></strong></span> <span class='ocrx_word' id='word_1_13' title='bbox 1353 227 1402 283; x_wconf 87' lang='grc' dir='ltr'><em>τῇ</em></span> <span class='ocrx_word' id='word_1_14' title='bbox 1430 228 1505 268; x_wconf 84' lang='grc' dir='ltr'><strong><em>τοῦ</em></strong></span> 
     </span>
     <span class='ocr_line' id='line_1_3' title="bbox 70 289 686 347; baseline 0 -14"><span class='ocrx_word' id='word_1_15' title='bbox 70 291 290 344; x_wconf 79' lang='grc' dir='ltr'><strong><em>Καίσαρος</em></strong></span> <span class='ocrx_word' id='word_1_16' title='bbox 316 289 424 347; x_wconf 66' lang='grc' dir='ltr'><strong><em>οἰκία</em></strong></span> <span class='ocrx_word' id='word_1_17' title='bbox 452 291 686 345; x_wconf 83' lang='grc' dir='ltr'><strong><em>πεποίηκεν.</em></strong></span> 
     </span>
     <span class='ocr_line' id='line_1_4' title="bbox 181 355 1586 417; baseline 0.003 -18"><span class='ocrx_word' id='word_1_18' title='bbox 181 358 385 411; x_wconf 80' lang='grc' dir='ltr'><strong><em>Μαρτίου</em></strong></span> <span class='ocrx_word' id='word_1_19' title='bbox 415 357 462 398; x_wconf 80' lang='grc' dir='ltr'><strong>δὲ</strong></span> <span class='ocrx_word' id='word_1_20' title='bbox 488 355 618 411; x_wconf 84' lang='grc' dir='ltr'><strong><em>μηνὸς</em></strong></span> <span class='ocrx_word' id='word_1_21' title='bbox 645 358 817 417; x_wconf 75' lang='grc' dir='ltr'><em>δευτέρᾳ</em></span> <span class='ocrx_word' id='word_1_22' title='bbox 843 357 976 416; x_wconf 75' lang='grc' dir='ltr'><strong><em>ἧμὲρᾳ</em></strong></span> <span class='ocrx_word' id='word_1_23' title='bbox 1005 359 1204 414; x_wconf 88' lang='grc' dir='ltr'><strong><em>κοσμίτης</em></strong></span> <span class='ocrx_word' id='word_1_24' title='bbox 1233 356 1279 408; x_wconf 77' lang='grc' dir='ltr'><strong>ὃς</strong></span> <span class='ocrx_word' id='word_1_25' title='bbox 1308 360 1503 411; x_wconf 75' lang='grc' dir='ltr'><strong>ἐπέμενεν</strong></span> <span class='ocrx_word' id='word_1_26' title='bbox 1521 369 1586 403; x_wconf 77' lang='lat'><strong>122</strong></span> 
     </span>
     <span class='ocr_line' id='line_1_5' title="bbox 68 421 1509 480; baseline 0.003 -19"><span class='ocrx_word' id='word_1_27' title='bbox 68 423 125 478; x_wconf 71' lang='grc' dir='ltr'><strong><em>τῷ</em></strong></span> <span class='ocrx_word' id='word_1_28' title='bbox 155 421 274 480; x_wconf 75' lang='grc' dir='ltr'><strong><em>φόρῳ</em></strong></span> <span class='ocrx_word' id='word_1_29' title='bbox 303 423 347 464; x_wconf 78' lang='grc' dir='ltr'><strong><em>ἐν</em></strong></span> <span class='ocrx_word' id='word_1_30' title='bbox 373 427 461 472; x_wconf 83' lang='grc' dir='ltr'><strong><em>τοῖς</em></strong></span> <span class='ocrx_word' id='word_1_31' title='bbox 488 424 622 465; x_wconf 77' lang='grc' dir='ltr'><strong><em>ἐκεῖσε</em></strong></span> <span class='ocrx_word' id='word_1_32' title='bbox 640 424 787 477; x_wconf 86' lang='grc' dir='ltr'><strong><em>κίοσιν,</em></strong></span> <span class='ocrx_word' id='word_1_33' title='bbox 815 426 888 467; x_wconf 81' lang='grc' dir='ltr'>καί</span> <span class='ocrx_word' id='word_1_34' title='bbox 914 425 1149 467; x_wconf 77' lang='grc' dir='ltr'><strong><em>α’πέκτεινεν</em></strong></span> <span class='ocrx_word' id='word_1_35' title='bbox 1178 421 1333 480; x_wconf 72' lang='grc' dir='ltr'><strong><em>ἄνδρας</em></strong></span> <span class='ocrx_word' id='word_1_36' title='bbox 1356 425 1413 475; x_wconf 73' lang='grc' dir='ltr'><strong>ἕξ.</strong></span> <span class='ocrx_word' id='word_1_37' title='bbox 1441 424 1509 478; x_wconf 77' lang='grc' dir='ltr'><strong>γέ-</strong></span> 
     </span>
     <span class='ocr_line' id='line_1_6' title="bbox 34 488 1509 546; baseline 0.001 -18"><span class='ocrx_word' id='word_1_38' title='bbox 34 494 163 543; x_wconf 80' lang='grc' dir='ltr'><strong><em>5γονε</em></strong></span> <span class='ocrx_word' id='word_1_39' title='bbox 189 490 236 531; x_wconf 80' lang='grc' dir='ltr'><strong>δὲ</strong></span> <span class='ocrx_word' id='word_1_40' title='bbox 265 488 511 544; x_wconf 79' lang='grc' dir='ltr'><strong><em>ἐμπρησμὸς</em></strong></span> <span class='ocrx_word' id='word_1_41' title='bbox 537 490 666 543; x_wconf 82' lang='grc' dir='ltr'><strong><em>μέγας</em></strong></span> <span class='ocrx_word' id='word_1_42' title='bbox 692 489 766 532; x_wconf 83' lang='grc' dir='ltr'>καί</span> <span class='ocrx_word' id='word_1_43' title='bbox 782 489 963 546; x_wconf 84' lang='grc' dir='ltr'><strong><em>φοβερὸς</em></strong></span> <span class='ocrx_word' id='word_1_44' title='bbox 990 493 1050 540; x_wconf 85' lang='grc' dir='ltr'><strong>εἰς</strong></span> <span class='ocrx_word' id='word_1_45' title='bbox 1077 490 1151 533; x_wconf 81' lang='grc' dir='ltr'><strong>τὸν</strong></span> <span class='ocrx_word' id='word_1_46' title='bbox 1171 493 1248 533; x_wconf 85' lang='grc' dir='ltr'><strong><em>τοῦ</em></strong></span> <span class='ocrx_word' id='word_1_47' title='bbox 1270 490 1404 546; x_wconf 83' lang='grc' dir='ltr'><strong><em>φόρου</em></strong></span> <span class='ocrx_word' id='word_1_48' title='bbox 1432 488 1509 542; x_wconf 78' lang='grc' dir='ltr'><strong>ἔμ-</strong></span> 
     </span>
     <span class='ocr_line' id='line_1_7' title="bbox 68 554 1552 612; baseline 0.003 -16"><span class='ocrx_word' id='word_1_49' title='bbox 68 558 195 609; x_wconf 86' lang='grc' dir='ltr'><strong><em>βολον</em></strong></span> <span class='ocrx_word' id='word_1_50' title='bbox 227 554 398 609; x_wconf 81' lang='grc' dir='ltr'><strong><em>πλησίον</em></strong></span> <span class='ocrx_word' id='word_1_51' title='bbox 424 557 498 598; x_wconf 89' lang='grc' dir='ltr'><strong><em>τοῦ</em></strong></span> <span class='ocrx_word' id='word_1_52' title='bbox 526 558 630 597; x_wconf 83' lang='grc' dir='ltr'><strong><em>ναοῦ</em></strong></span> <span class='ocrx_word' id='word_1_53' title='bbox 657 557 731 612; x_wconf 83' lang='grc' dir='ltr'><strong><em>τῆς</em></strong></span> <span class='ocrx_word' id='word_1_54' title='bbox 755 556 985 611; x_wconf 77' lang='grc' dir='ltr'><strong><em>ὑπεραγιάς</em></strong></span> <span class='ocrx_word' id='word_1_55' title='bbox 1002 558 1216 609; x_wconf 76' lang='grc' dir='ltr'><strong><em>θεοτόκου,</em></strong></span> <span class='ocrx_word' id='word_1_56' title='bbox 1247 556 1354 599; x_wconf 73' lang='grc' dir='ltr'><strong><em>ὥστε</em></strong></span> <span class='ocrx_word' id='word_1_57' title='bbox 1383 568 1552 600; x_wconf 83' lang='grc' dir='ltr'><strong><em>κατα·Ι)</em></strong></span> 
     </span>
     <span class='ocr_line' id='line_1_8' title="bbox 69 619 1514 679; baseline 0.001 -17"><span class='ocrx_word' id='word_1_58' title='bbox 69 621 221 676; x_wconf 83' lang='grc' dir='ltr'><strong><em>καῆναι</em></strong></span> <span class='ocrx_word' id='word_1_59' title='bbox 254 619 305 663; x_wconf 74' lang='grc' dir='ltr'><strong><em>τά</em></strong></span> <span class='ocrx_word' id='word_1_60' title='bbox 341 635 384 662; x_wconf 86' lang='grc' dir='ltr'><strong>τε</strong></span> <span class='ocrx_word' id='word_1_61' title='bbox 423 626 671 676; x_wconf 84' lang='grc' dir='ltr'><strong><em>κηροπολεῖα</em></strong></span> <span class='ocrx_word' id='word_1_62' title='bbox 700 621 771 664; x_wconf 79' lang='grc' dir='ltr'><strong>καὶ</strong></span> <span class='ocrx_word' id='word_1_63' title='bbox 795 621 846 664; x_wconf 82' lang='grc' dir='ltr'><strong><em>τοὶ</em></strong></span> <span class='ocrx_word' id='word_1_64' title='bbox 873 621 1074 678; x_wconf 83' lang='grc' dir='ltr'><strong><em>γουνάρια</em></strong></span> <span class='ocrx_word' id='word_1_65' title='bbox 1114 625 1191 666; x_wconf 90' lang='grc' dir='ltr'><strong><em>τοῦ</em></strong></span> <span class='ocrx_word' id='word_1_66' title='bbox 1221 623 1359 679; x_wconf 83' lang='grc' dir='ltr'><strong><em>φόρου</em></strong></span> <span class='ocrx_word' id='word_1_67' title='bbox 1385 625 1514 678; x_wconf 80' lang='grc' dir='ltr'><strong><em>μέχρι</em></strong></span> 
     </span>
     <span class='ocr_line' id='line_1_9' title="bbox 69 686 1514 744; baseline 0.001 -16"><span class='ocrx_word' id='word_1_68' title='bbox 69 689 154 729; x_wconf 80' lang='grc' dir='ltr'><strong>τῶν</strong></span> <span class='ocrx_word' id='word_1_69' title='bbox 179 690 341 743; x_wconf 74' lang='grc' dir='ltr'><strong><em>ψηχῶν.</em></strong></span> <span class='ocrx_word' id='word_1_70' title='bbox 397 686 635 742; x_wconf 77' lang='grc' dir='ltr'><strong><em>ἐτελεύτησε</em></strong></span> <span class='ocrx_word' id='word_1_71' title='bbox 662 688 709 729; x_wconf 80' lang='grc' dir='ltr'><strong>δὲ</strong></span> <span class='ocrx_word' id='word_1_72' title='bbox 738 687 1034 744; x_wconf 84' lang='grc' dir='ltr'><strong><em>Χριστοφόρος</em></strong></span> <span class='ocrx_word' id='word_1_73' title='bbox 1061 688 1259 743; x_wconf 78' lang='grc' dir='ltr'><strong><em>βασιλεῦς</em></strong></span> <span class='ocrx_word' id='word_1_74' title='bbox 1286 690 1390 744; x_wconf 75' lang='grc' dir='ltr'><strong><em>μηνί</em></strong></span> <span class='ocrx_word' id='word_1_75' title='bbox 1418 689 1514 738; x_wconf 65' lang='lat' dir='ltr'><strong>At?-</strong></span> 
     </span>
     <span class='ocr_line' id='line_1_10' title="bbox 71 752 1513 811; baseline 0.001 -16"><span class='ocrx_word' id='word_1_76' title='bbox 71 752 230 811; x_wconf 74' lang='grc' dir='ltr'><strong><em>γούστῳ</em></strong></span> <span class='ocrx_word' id='word_1_77' title='bbox 270 755 527 811; x_wconf 69' lang='grc' dir='ltr'><strong><em>ἰνὸικτιῶνος</em></strong></span> <span class='ocrx_word' id='word_1_78' title='bbox 566 754 788 810; x_wconf 78' lang='grc' dir='ltr'><strong><em>τετάρτης,</em></strong></span> <span class='ocrx_word' id='word_1_79' title='bbox 818 757 892 796; x_wconf 84' lang='grc' dir='ltr'><em>καί</em></span> <span class='ocrx_word' id='word_1_80' title='bbox 927 755 1052 810; x_wconf 74' lang='grc' dir='ltr'><strong><em>ἐτέθη</em></strong></span> <span class='ocrx_word' id='word_1_81' title='bbox 1081 754 1125 797; x_wconf 80' lang='grc' dir='ltr'><strong><em>τό</em></strong></span> <span class='ocrx_word' id='word_1_82' title='bbox 1158 757 1281 808; x_wconf 77' lang='grc' dir='ltr'><strong><em>σῶμα</em></strong></span> <span class='ocrx_word' id='word_1_83' title='bbox 1309 756 1441 797; x_wconf 69' lang='grc' dir='ltr'><strong><em>αὐτοῦ</em></strong></span> <span class='ocrx_word' id='word_1_84' title='bbox 1468 757 1513 796; x_wconf 76' lang='grc' dir='ltr'><strong><em>ἐν</em></strong></span> 
     </span>
     <span class='ocr_line' id='line_1_11' title="bbox 16 818 1513 881; baseline 0 -19"><span class='ocrx_word' id='word_1_85' title='bbox 16 829 61 863; x_wconf 75' lang='lat'><strong>10</strong></span> <span class='ocrx_word' id='word_1_86' title='bbox 73 820 122 876; x_wconf 78' lang='grc' dir='ltr'><strong><em>τῇ</em></strong></span> <span class='ocrx_word' id='word_1_87' title='bbox 149 818 324 877; x_wconf 78' lang='grc' dir='ltr'><strong><em>ῥηθείσῃ</em></strong></span> <span class='ocrx_word' id='word_1_88' title='bbox 349 822 457 876; x_wconf 85' lang='grc' dir='ltr'><strong><em>μονῇ</em></strong></span> <span class='ocrx_word' id='word_1_89' title='bbox 485 822 558 862; x_wconf 88' lang='grc' dir='ltr'><strong><em>τοῦ</em></strong></span> <span class='ocrx_word' id='word_1_90' title='bbox 586 820 743 874; x_wconf 86' lang='grc' dir='ltr'><strong><em>πατρὸς</em></strong></span> <span class='ocrx_word' id='word_1_91' title='bbox 773 820 924 863; x_wconf 75' lang='grc' dir='ltr'><strong><em>αὐτοῦ.</em></strong></span> <span class='ocrx_word' id='word_1_92' title='bbox 982 819 1209 876; x_wconf 77' lang='grc' dir='ltr'><strong><em>κατήγαγον</em></strong></span> <span class='ocrx_word' id='word_1_93' title='bbox 1237 823 1282 863; x_wconf 86' lang='grc' dir='ltr'><strong>δὲ</strong></span> <span class='ocrx_word' id='word_1_94' title='bbox 1303 818 1513 881; x_wconf 56' lang='grc' dir='ltr'><strong><em>Τρύφωιζα</em></strong></span> 
     </span>
     <span class='ocr_line' id='line_1_12' title="bbox 71 883 1516 943; baseline 0.002 -17"><span class='ocrx_word' id='word_1_95' title='bbox 71 883 334 939; x_wconf 81' lang='grc' dir='ltr'><strong><em>πατριάρχην</em></strong></span> <span class='ocrx_word' id='word_1_96' title='bbox 347 885 582 943; x_wconf 68' lang='grc' dir='ltr'><strong><em>Αὐγούστῳ</em></strong></span> <span class='ocrx_word' id='word_1_97' title='bbox 610 886 721 941; x_wconf 78' lang='grc' dir='ltr'><strong><em>μηνί,</em></strong></span> <span class='ocrx_word' id='word_1_98' title='bbox 749 887 1005 935; x_wconf 81' lang='grc' dir='ltr'><strong><em>ἰνδικτιῶνος</em></strong></span> <span class='ocrx_word' id='word_1_99' title='bbox 1032 889 1190 942; x_wconf 78' lang='grc' dir='ltr'><strong><em>τρίτης,</em></strong></span> <span class='ocrx_word' id='word_1_100' title='bbox 1219 885 1291 927; x_wconf 78' lang='grc' dir='ltr'><strong>καί</strong></span> <span class='ocrx_word' id='word_1_101' title='bbox 1310 884 1516 930; x_wconf 71' lang='grc' dir='ltr'><strong><em>ἀπελθόν-</em></strong></span> 
     </span>
     <span class='ocr_line' id='line_1_13' title="bbox 70 953 1516 1011; baseline 0.001 -18"><span class='ocrx_word' id='word_1_102' title='bbox 70 967 140 1001; x_wconf 82' lang='grc' dir='ltr'><strong><em>τος</em></strong></span> <span class='ocrx_word' id='word_1_103' title='bbox 167 953 213 996; x_wconf 74' lang='grc' dir='ltr'><strong><em>ἐν</em></strong></span> <span class='ocrx_word' id='word_1_104' title='bbox 243 954 291 1010; x_wconf 77' lang='grc' dir='ltr'><strong><em>τῇ</em></strong></span> <span class='ocrx_word' id='word_1_105' title='bbox 320 954 406 1011; x_wconf 66' lang='grc' dir='ltr'><strong><em>ι’δῗᾳ</em></strong></span> <span class='ocrx_word' id='word_1_106' title='bbox 429 957 533 1010; x_wconf 87' lang='grc' dir='ltr'><strong><em>μονῇ</em></strong></span> <span class='ocrx_word' id='word_1_107' title='bbox 563 955 742 1010; x_wconf 80' lang='grc' dir='ltr'><strong><em>τελευτᾷ,</em></strong></span> <span class='ocrx_word' id='word_1_108' title='bbox 776 953 1045 1009; x_wconf 81' lang='grc' dir='ltr'><strong><em>χηρευσάσης</em></strong></span> <span class='ocrx_word' id='word_1_109' title='bbox 1071 957 1142 1008; x_wconf 85' lang='grc' dir='ltr'><strong><em>τῆς</em></strong></span> <span class='ocrx_word' id='word_1_110' title='bbox 1169 953 1384 1010; x_wconf 80' lang='grc' dir='ltr'><strong><em>ἐκκλησίας</em></strong></span> <span class='ocrx_word' id='word_1_111' title='bbox 1410 955 1516 1009; x_wconf 85' lang='grc' dir='ltr'><strong><em>χρό-</em></strong></span> 
     </span>
     <span class='ocr_line' id='line_1_14' title="bbox 73 1017 1515 1075; baseline -0.001 -14"><span class='ocrx_word' id='word_1_112' title='bbox 73 1033 142 1061; x_wconf 81' lang='grc' dir='ltr'><strong>νον</strong></span> <span class='ocrx_word' id='word_1_113' title='bbox 169 1017 242 1061; x_wconf 77' lang='grc' dir='ltr'><strong>ἕνα</strong></span> <span class='ocrx_word' id='word_1_114' title='bbox 265 1021 402 1074; x_wconf 82' lang='grc' dir='ltr'><strong><em>μῆνας</em></strong></span> <span class='ocrx_word' id='word_1_115' title='bbox 429 1020 548 1073; x_wconf 79' lang='grc' dir='ltr'><strong><em>πέντε</em></strong></span> <span class='ocrx_word' id='word_1_116' title='bbox 575 1018 646 1061; x_wconf 70' lang='grc' dir='ltr'><strong>διὰ</strong></span> <span class='ocrx_word' id='word_1_117' title='bbox 673 1018 719 1061; x_wconf 84' lang='grc' dir='ltr'><strong><em>τὸ</em></strong></span> <span class='ocrx_word' id='word_1_118' title='bbox 751 1022 822 1075; x_wconf 86' lang='grc' dir='ltr'><strong><em>τῆς</em></strong></span> <span class='ocrx_word' id='word_1_119' title='bbox 849 1019 1011 1072; x_wconf 82' lang='grc' dir='ltr'><strong><em>ἡλικίας</em></strong></span> <span class='ocrx_word' id='word_1_120' title='bbox 1039 1021 1182 1070; x_wconf 82' lang='grc' dir='ltr'><strong><em>α’τελὲς</em></strong></span> <span class='ocrx_word' id='word_1_121' title='bbox 1213 1022 1515 1075; x_wconf 81' lang='grc' dir='ltr'><strong><em>Θεοφυλάκτου</em></strong></span> 
     </span>
     <span class='ocr_line' id='line_1_15' title="bbox 73 1085 1516 1140; baseline 0.001 -13"><span class='ocrx_word' id='word_1_122' title='bbox 73 1086 172 1128; x_wconf 80' lang='grc' dir='ltr'><strong><em>υἱοῦ</em></strong></span> <span class='ocrx_word' id='word_1_123' title='bbox 190 1087 406 1140; x_wconf 85' lang='grc' dir='ltr'><strong><em>Ῥωμανοῦ</em></strong></span> <span class='ocrx_word' id='word_1_124' title='bbox 430 1088 651 1140; x_wconf 84' lang='grc' dir='ltr'><strong><em>βασιλέως.</em></strong></span> <span class='ocrx_word' id='word_1_125' title='bbox 709 1087 931 1136; x_wconf 85' lang='grc' dir='ltr'><strong><em>Βασίλειος</em></strong></span> <span class='ocrx_word' id='word_1_126' title='bbox 955 1088 1003 1128; x_wconf 78' lang='grc' dir='ltr'><strong>δέ</strong></span> <span class='ocrx_word' id='word_1_127' title='bbox 1030 1101 1092 1135; x_wconf 83' lang='grc' dir='ltr'><strong><em>τις</em></strong></span> <span class='ocrx_word' id='word_1_128' title='bbox 1118 1085 1336 1128; x_wconf 76' lang='grc' dir='ltr'><strong><em>Μακεδών</em></strong></span> <span class='ocrx_word' id='word_1_129' title='bbox 1361 1085 1516 1136; x_wconf 66' lang='grc' dir='ltr'><strong><em>πλάνος</em></strong></span> 
     </span>
     <span class='ocr_line' id='line_1_16' title="bbox 20 1149 1516 1207; baseline 0 -14"><span class='ocrx_word' id='word_1_130' title='bbox 20 1160 62 1194; x_wconf 83' lang='grc'><strong>15</strong></span> <span class='ocrx_word' id='word_1_131' title='bbox 77 1154 396 1195; x_wconf 81' lang='grc' dir='ltr'><strong><em>Κωνσταντῖνον</em></strong></span> <span class='ocrx_word' id='word_1_132' title='bbox 407 1154 553 1195; x_wconf 81' lang='grc' dir='ltr'><strong>Δοῦκα</strong></span> <span class='ocrx_word' id='word_1_133' title='bbox 575 1150 727 1194; x_wconf 76' lang='grc' dir='ltr'><strong><em>ἑαυτὸν</em></strong></span> <span class='ocrx_word' id='word_1_134' title='bbox 755 1152 1055 1207; x_wconf 73' lang='grc' dir='ltr'><strong><em>ἐπευφημήσας</em></strong></span> <span class='ocrx_word' id='word_1_135' title='bbox 1085 1150 1266 1200; x_wconf 77' lang='grc' dir='ltr'><strong><em>πολλοῦς</em></strong></span> <span class='ocrx_word' id='word_1_136' title='bbox 1285 1155 1383 1204; x_wconf 72' lang='grc' dir='ltr'><strong><em>μεθ’</em></strong></span> <span class='ocrx_word' id='word_1_137' title='bbox 1415 1149 1516 1193; x_wconf 72' lang='grc' dir='ltr'><strong><em>ἑαυ-</em></strong></span> 
     </span>
     <span class='ocr_line' id='line_1_17' title="bbox 72 1214 1515 1274; baseline -0.001 -14"><span class='ocrx_word' id='word_1_138' title='bbox 72 1220 151 1260; x_wconf 90' lang='grc' dir='ltr'><strong><em>τοῦ</em></strong></span> <span class='ocrx_word' id='word_1_139' title='bbox 178 1217 425 1274; x_wconf 71' lang='grc' dir='ltr'><strong><em>συνεπήγετο</em></strong></span> <span class='ocrx_word' id='word_1_140' title='bbox 441 1235 450 1245; x_wconf 95' lang='grc'><em>·</em></span> <span class='ocrx_word' id='word_1_141' title='bbox 479 1214 602 1267; x_wconf 72' lang='grc' dir='ltr'><strong><em>οὗτος</em></strong></span> <span class='ocrx_word' id='word_1_142' title='bbox 634 1220 858 1272; x_wconf 76' lang='grc' dir='ltr'><strong><em>συσχεθείς</em></strong></span> <span class='ocrx_word' id='word_1_143' title='bbox 883 1217 964 1260; x_wconf 61' lang='grc' dir='ltr'><strong>ὑπὸ</strong></span> <span class='ocrx_word' id='word_1_144' title='bbox 987 1214 1278 1274; x_wconf 80' lang='grc' dir='ltr'><strong><em>Ἐλεφαντί-νου</em></strong></span> <span class='ocrx_word' id='word_1_145' title='bbox 1305 1218 1515 1272; x_wconf 80' lang='grc' dir='ltr'><strong><em>τουρμάρ-</em></strong></span> 
     </span>
     <span class='ocr_line' id='line_1_18' title="bbox 71 1280 1520 1339; baseline 0 -14"><span class='ocrx_word' id='word_1_146' title='bbox 71 1299 154 1338; x_wconf 81' lang='grc' dir='ltr'><strong>χου</strong></span> <span class='ocrx_word' id='word_1_147' title='bbox 182 1285 228 1326; x_wconf 74' lang='grc' dir='ltr'><strong>ἐκ</strong></span> <span class='ocrx_word' id='word_1_148' title='bbox 269 1286 342 1326; x_wconf 87' lang='grc' dir='ltr'><strong><em>τοῦ</em></strong></span> <span class='ocrx_word' id='word_1_149' title='bbox 377 1283 568 1337; x_wconf 74' lang='grc' dir='ltr'><strong><em>Ὀψικίου</em></strong></span> <span class='ocrx_word' id='word_1_150' title='bbox 606 1281 716 1333; x_wconf 72' lang='grc' dir='ltr'><strong><em>ὄντος</em></strong></span> <span class='ocrx_word' id='word_1_151' title='bbox 744 1280 860 1339; x_wconf 74' lang='grc' dir='ltr'><strong><em>ἤχθη</em></strong></span> <span class='ocrx_word' id='word_1_152' title='bbox 899 1286 943 1326; x_wconf 82' lang='grc' dir='ltr'><strong><em>ἐν</em></strong></span> <span class='ocrx_word' id='word_1_153' title='bbox 973 1285 1418 1339; x_wconf 80' lang='grc' dir='ltr'><strong><em>Κωνσταντινουπόλει,</em></strong></span> <span class='ocrx_word' id='word_1_154' title='bbox 1445 1285 1520 1325; x_wconf 83' lang='grc' dir='ltr'><em>καί</em></span> 
     </span>
     <span class='ocr_line' id='line_1_19' title="bbox 73 1346 1645 1404; baseline 0.001 -13"><span class='ocrx_word' id='word_1_155' title='bbox 73 1349 156 1392; x_wconf 75' lang='grc' dir='ltr'><strong>ὑπὸ</strong></span> <span class='ocrx_word' id='word_1_156' title='bbox 183 1352 357 1404; x_wconf 81' lang='grc' dir='ltr'><strong><em>Πέτρου</em></strong></span> <span class='ocrx_word' id='word_1_157' title='bbox 394 1348 589 1403; x_wconf 75' lang='grc' dir='ltr'><strong><em>ὑπάρχου</em></strong></span> <span class='ocrx_word' id='word_1_158' title='bbox 635 1352 709 1403; x_wconf 80' lang='grc' dir='ltr'><strong><em>τῆς</em></strong></span> <span class='ocrx_word' id='word_1_159' title='bbox 741 1352 844 1402; x_wconf 79' lang='grc' dir='ltr'><strong><em>μιᾶς</em></strong></span> <span class='ocrx_word' id='word_1_160' title='bbox 883 1350 1174 1404; x_wconf 75' lang='grc' dir='ltr'><strong><em>ἀλλοτριοῦται</em></strong></span> <span class='ocrx_word' id='word_1_161' title='bbox 1214 1349 1365 1404; x_wconf 84' lang='grc' dir='ltr'><strong><em>χειρός.</em></strong></span> <span class='ocrx_word' id='word_1_162' title='bbox 1423 1346 1513 1392; x_wconf 83' lang='grc' dir='ltr'><strong><em>εἶτα</em></strong></span> <span class='ocrx_word' id='word_1_163' title='bbox 1530 1365 1645 1399; x_wconf 78' lang='lat' dir='ltr'><strong>p,506</strong></span> 
     </span>
     <span class='ocr_line' id='line_1_20' title="bbox 74 1413 1517 1471; baseline 0 -13"><span class='ocrx_word' id='word_1_164' title='bbox 74 1418 226 1471; x_wconf 82' lang='grc' dir='ltr'><strong><em>καιροῦ</em></strong></span> <span class='ocrx_word' id='word_1_165' title='bbox 255 1413 485 1470; x_wconf 84' lang='grc' dir='ltr'><strong><em>λαβόμενος</em></strong></span> <span class='ocrx_word' id='word_1_166' title='bbox 512 1414 819 1469; x_wconf 82' lang='grc' dir='ltr'><strong><em>καταλαμβάνει</em></strong></span> <span class='ocrx_word' id='word_1_167' title='bbox 848 1415 973 1457; x_wconf 79' lang='grc' dir='ltr'><strong><em>πάλιν</em></strong></span> <span class='ocrx_word' id='word_1_168' title='bbox 999 1415 1042 1457; x_wconf 83' lang='grc' dir='ltr'><strong><em>τὸ</em></strong></span> <span class='ocrx_word' id='word_1_169' title='bbox 1071 1417 1267 1471; x_wconf 85' lang='grc' dir='ltr'><strong><em>Ὀψίκιον,</em></strong></span> <span class='ocrx_word' id='word_1_170' title='bbox 1300 1415 1372 1458; x_wconf 87' lang='grc' dir='ltr'><em>καί</em></span> <span class='ocrx_word' id='word_1_171' title='bbox 1394 1423 1517 1471; x_wconf 84' lang='grc' dir='ltr'><strong><em>χεῖρα</em></strong></span> 
     </span>
     <span class='ocr_line' id='line_1_21' title="bbox 18 1480 1520 1538; baseline 0 -14"><span class='ocrx_word' id='word_1_172' title='bbox 18 1493 64 1529; x_wconf 83' lang='lat'><strong>20</strong></span> <span class='ocrx_word' id='word_1_173' title='bbox 75 1483 232 1537; x_wconf 75' lang='grc' dir='ltr'><strong><em>χαλκῆν</em></strong></span> <span class='ocrx_word' id='word_1_174' title='bbox 260 1482 357 1524; x_wconf 68' lang='lat' dir='ltr'><strong>«ivri</strong></span> <span class='ocrx_word' id='word_1_175' title='bbox 382 1484 454 1537; x_wconf 76' lang='grc' dir='ltr'><strong><em>τῆς</em></strong></span> <span class='ocrx_word' id='word_1_176' title='bbox 471 1485 663 1536; x_wconf 83' lang='grc' dir='ltr'><strong><em>κοπείσης</em></strong></span> <span class='ocrx_word' id='word_1_177' title='bbox 687 1483 1084 1536; x_wconf 84' lang='grc' dir='ltr'><strong><em>προσαρμοσάμενος</em></strong></span> <span class='ocrx_word' id='word_1_178' title='bbox 1104 1482 1176 1524; x_wconf 79' lang='grc' dir='ltr'><strong>καί</strong></span> <span class='ocrx_word' id='word_1_179' title='bbox 1195 1480 1366 1538; x_wconf 74' lang='grc' dir='ltr'><strong><em>σπάθην</em></strong></span> <span class='ocrx_word' id='word_1_180' title='bbox 1393 1481 1520 1536; x_wconf 71' lang='grc' dir='ltr'><strong><em>ὑπερ-</em></strong></span> 
     </span>
     <span class='ocr_line' id='line_1_22' title="bbox 74 1546 1516 1604; baseline 0 -14"><span class='ocrx_word' id='word_1_181' title='bbox 74 1550 231 1604; x_wconf 70' lang='grc' dir='ltr'><strong><em>μεγέθη</em></strong></span> <span class='ocrx_word' id='word_1_182' title='bbox 259 1548 572 1596; x_wconf 78' lang='grc' dir='ltr'><strong><em>κατασκευάσας</em></strong></span> <span class='ocrx_word' id='word_1_183' title='bbox 599 1549 788 1602; x_wconf 77' lang='grc' dir='ltr'><strong><em>διήρχετο</em></strong></span> <span class='ocrx_word' id='word_1_184' title='bbox 816 1549 979 1590; x_wconf 77' lang='grc' dir='ltr'><strong><em>πλανῶν</em></strong></span> <span class='ocrx_word' id='word_1_185' title='bbox 1008 1547 1184 1598; x_wconf 81' lang='grc' dir='ltr'><strong><em>πολλοὺς</em></strong></span> <span class='ocrx_word' id='word_1_186' title='bbox 1213 1546 1270 1599; x_wconf 78' lang='grc' dir='ltr'><strong>ὦς</strong></span> <span class='ocrx_word' id='word_1_187' title='bbox 1300 1547 1425 1598; x_wconf 71' lang='grc' dir='ltr'><strong><em>αὐτὸς</em></strong></span> <span class='ocrx_word' id='word_1_188' title='bbox 1453 1547 1516 1604; x_wconf 75' lang='grc' dir='ltr'><strong>εἴη</strong></span> 
     </span>
     <span class='ocr_line' id='line_1_23' title="bbox 75 1611 1516 1671; baseline -0.001 -14"><span class='ocrx_word' id='word_1_189' title='bbox 75 1618 394 1662; x_wconf 82' lang='grc' dir='ltr'><strong><em>Κωνσταντῖνος</em></strong></span> <span class='ocrx_word' id='word_1_190' title='bbox 436 1613 458 1655; x_wconf 81' lang='grc' dir='ltr'><strong><em>ὅ</em></strong></span> <span class='ocrx_word' id='word_1_191' title='bbox 502 1616 580 1656; x_wconf 84' lang='grc' dir='ltr'><strong><em>τοῦ</em></strong></span> <span class='ocrx_word' id='word_1_192' title='bbox 610 1615 791 1663; x_wconf 56' lang='grc' dir='ltr'><strong><em>Δουκὸςε</em></strong></span> <span class='ocrx_word' id='word_1_193' title='bbox 866 1611 939 1663; x_wconf 72' lang='grc' dir='ltr'><strong>οῦς</strong></span> <span class='ocrx_word' id='word_1_194' title='bbox 965 1613 1039 1656; x_wconf 80' lang='grc' dir='ltr'><em>καί</em></span> <span class='ocrx_word' id='word_1_195' title='bbox 1065 1614 1415 1671; x_wconf 74' lang='grc' dir='ltr'><strong><em>συνεφελκόμενος</em></strong></span> <span class='ocrx_word' id='word_1_196' title='bbox 1442 1631 1516 1668; x_wconf 77' lang='grc' dir='ltr'><strong>με·</strong></span> 
     </span>
    </p>
   </div>
   <div class='ocr_carea' id='block_1_3' title="bbox 169 1737 709 1785">
    <p class='ocr_par' dir='ltr' id='par_1_3' title="bbox 169 1737 709 1785">
     <span class='ocr_line' id='line_1_24' title="bbox 169 1737 709 1785; baseline -0.002 -14"><span class='ocrx_word' id='word_1_197' title='bbox 169 1738 223 1771; x_wconf 83' lang='grc'><strong>15.</strong></span> <span class='ocrx_word' id='word_1_198' title='bbox 250 1737 484 1785; x_wconf 74' lang='grc' dir='ltr'><strong><em>ἐπιφημίσας</em></strong></span> <span class='ocrx_word' id='word_1_199' title='bbox 506 1737 709 1782; x_wconf 77' lang='lat' dir='ltr'><strong>Anonymus</strong></span> 
     </span>
    </p>
   </div>
   <div class='ocr_carea' id='block_1_4' title="bbox 71 1838 1514 2734">
    <p class='ocr_par' dir='ltr' id='par_1_4' title="bbox 74 1838 1514 1980">
     <span class='ocr_line' id='line_1_25' title="bbox 75 1838 1514 1885; baseline 0.001 -12"><span class='ocrx_word' id='word_1_200' title='bbox 75 1839 217 1874; x_wconf 87' lang='lat' dir='ltr'><strong>domum</strong></span> <span class='ocrx_word' id='word_1_201' title='bbox 257 1845 293 1874; x_wconf 81' lang='lat' dir='ltr'><strong>et</strong></span> <span class='ocrx_word' id='word_1_202' title='bbox 330 1838 476 1885; x_wconf 80' lang='lat' dir='ltr'><strong>praedia</strong></span> <span class='ocrx_word' id='word_1_203' title='bbox 502 1839 653 1884; x_wconf 85' lang='lat' dir='ltr'><strong>plurima</strong></span> <span class='ocrx_word' id='word_1_204' title='bbox 686 1845 721 1873; x_wconf 93' lang='lat' dir='ltr'><strong>et</strong></span> <span class='ocrx_word' id='word_1_205' title='bbox 754 1840 942 1884; x_wconf 84' lang='lat' dir='ltr'><strong>coniugem</strong></span> <span class='ocrx_word' id='word_1_206' title='bbox 971 1838 1103 1873; x_wconf 58' lang='lat' dir='ltr'><strong>‘eadem</strong></span> <span class='ocrx_word' id='word_1_207' title='bbox 1140 1851 1257 1874; x_wconf 79' lang='lat' dir='ltr'><strong>secum</strong></span> <span class='ocrx_word' id='word_1_208' title='bbox 1288 1839 1514 1874; x_wconf 77' lang='lat' dir='ltr'><strong>Armeniaco-</strong></span> 
     </span>
     <span class='ocr_line' id='line_1_26' title="bbox 75 1886 1514 1933; baseline 0.001 -14"><span class='ocrx_word' id='word_1_209' title='bbox 75 1899 151 1920; x_wconf 87' lang='lat' dir='ltr'><strong>rum</strong></span> <span class='ocrx_word' id='word_1_210' title='bbox 183 1888 298 1933; x_wconf 80' lang='lat' dir='ltr'><strong>patria</strong></span> <span class='ocrx_word' id='word_1_211' title='bbox 324 1893 436 1921; x_wconf 83' lang='lat' dir='ltr'><strong>ortam</strong></span> <span class='ocrx_word' id='word_1_212' title='bbox 462 1886 580 1928; x_wconf 85' lang='lat' dir='ltr'><strong>dedit,</strong></span> <span class='ocrx_word' id='word_1_213' title='bbox 605 1892 642 1920; x_wconf 89' lang='lat' dir='ltr'><strong>et</strong></span> <span class='ocrx_word' id='word_1_214' title='bbox 673 1887 710 1919; x_wconf 88' lang='lat' dir='ltr'><strong>in</strong></span> <span class='ocrx_word' id='word_1_215' title='bbox 739 1887 898 1920; x_wconf 79' lang='lat' dir='ltr'>Caesaris</span> <span class='ocrx_word' id='word_1_216' title='bbox 927 1886 1074 1920; x_wconf 86' lang='lat' dir='ltr'><strong>aedibus</strong></span> <span class='ocrx_word' id='word_1_217' title='bbox 1101 1886 1346 1920; x_wconf 80' lang='lat' dir='ltr'><strong>celeberrimas</strong></span> <span class='ocrx_word' id='word_1_218' title='bbox 1376 1890 1514 1933; x_wconf 81' lang='lat' dir='ltr'>peregit</span> 
     </span>
     <span class='ocr_line' id='line_1_27' title="bbox 74 1935 229 1980; baseline 0 -13"><span class='ocrx_word' id='word_1_219' title='bbox 74 1935 229 1980; x_wconf 83' lang='lat' dir='ltr'><strong>nuptias.</strong></span> 
     </span>
    </p>

    <p class='ocr_par' dir='ltr' id='par_1_5' title="bbox 71 1979 1511 2734">
     <span class='ocr_line' id='line_1_28' title="bbox 168 1979 1510 2027; baseline -0.001 -11"><span class='ocrx_word' id='word_1_220' title='bbox 168 1982 286 2016; x_wconf 76' lang='lat' dir='ltr'><strong>Martii</strong></span> <span class='ocrx_word' id='word_1_221' title='bbox 317 1992 424 2027; x_wconf 83' lang='lat' dir='ltr'><strong>porro</strong></span> <span class='ocrx_word' id='word_1_222' title='bbox 457 1981 589 2014; x_wconf 78' lang='lat' dir='ltr'>mensis</span> <span class='ocrx_word' id='word_1_223' title='bbox 626 1979 683 2013; x_wconf 90' lang='lat' dir='ltr'><strong>die</strong></span> <span class='ocrx_word' id='word_1_224' title='bbox 710 1980 865 2013; x_wconf 80' lang='lat' dir='ltr'><strong>secundo</strong></span> <span class='ocrx_word' id='word_1_225' title='bbox 901 1982 1066 2015; x_wconf 84' lang='lat' dir='ltr'><strong>cosmites</strong></span> <span class='ocrx_word' id='word_1_226' title='bbox 1095 1981 1163 2015; x_wconf 83' lang='lat' dir='ltr'><strong>sori</strong></span> <span class='ocrx_word' id='word_1_227' title='bbox 1187 1982 1359 2014; x_wconf 84' lang='lat' dir='ltr'><strong>columnis</strong></span> <span class='ocrx_word' id='word_1_228' title='bbox 1383 1993 1510 2027; x_wconf 82' lang='lat' dir='ltr'><strong>super-</strong></span> 
     </span>
     <span class='ocr_line' id='line_1_29' title="bbox 75 2027 1510 2076; baseline -0.001 -13"><span class='ocrx_word' id='word_1_229' title='bbox 75 2030 210 2076; x_wconf 79' lang='lat' dir='ltr'><strong>positus</strong></span> <span class='ocrx_word' id='word_1_230' title='bbox 238 2031 275 2063; x_wconf 91' lang='lat' dir='ltr'><strong>in</strong></span> <span class='ocrx_word' id='word_1_231' title='bbox 303 2035 428 2062; x_wconf 81' lang='lat' dir='ltr'><strong>terram</strong></span> <span class='ocrx_word' id='word_1_232' title='bbox 467 2027 601 2062; x_wconf 83' lang='lat' dir='ltr'><strong>decidit</strong></span> <span class='ocrx_word' id='word_1_233' title='bbox 624 2028 786 2073; x_wconf 86' lang='lat' dir='ltr'><strong>virosque</strong></span> <span class='ocrx_word' id='word_1_234' title='bbox 814 2039 875 2060; x_wconf 84' lang='lat' dir='ltr'><strong>sex</strong></span> <span class='ocrx_word' id='word_1_235' title='bbox 908 2029 1093 2073; x_wconf 74' lang='lat' dir='ltr'><strong>oppressit.</strong></span> <span class='ocrx_word' id='word_1_236' title='bbox 1142 2029 1293 2072; x_wconf 80' lang='lat' dir='ltr'><strong>contigit</strong></span> <span class='ocrx_word' id='word_1_237' title='bbox 1319 2029 1426 2061; x_wconf 83' lang='lat' dir='ltr'><strong>etiam</strong></span> <span class='ocrx_word' id='word_1_238' title='bbox 1454 2030 1510 2062; x_wconf 85' lang='lat' dir='ltr'><strong>in-</strong></span> 
     </span>
     <span class='ocr_line' id='line_1_30' title="bbox 75 2074 1509 2120; baseline -0.001 -10"><span class='ocrx_word' id='word_1_239' title='bbox 75 2077 238 2111; x_wconf 84' lang='lat' dir='ltr'><strong>cendium</strong></span> <span class='ocrx_word' id='word_1_240' title='bbox 270 2078 391 2120; x_wconf 86' lang='lat' dir='ltr'><strong>ingens</strong></span> <span class='ocrx_word' id='word_1_241' title='bbox 425 2081 461 2109; x_wconf 87' lang='lat' dir='ltr'><strong>et</strong></span> <span class='ocrx_word' id='word_1_242' title='bbox 494 2074 708 2108; x_wconf 85' lang='lat' dir='ltr'><strong>horrendum</strong></span> <span class='ocrx_word' id='word_1_243' title='bbox 747 2075 785 2108; x_wconf 90' lang='lat' dir='ltr'><strong>in</strong></span> <span class='ocrx_word' id='word_1_244' title='bbox 822 2075 889 2107; x_wconf 82' lang='lat' dir='ltr'><strong>sori</strong></span> <span class='ocrx_word' id='word_1_245' title='bbox 927 2076 1065 2120; x_wconf 89' lang='lat' dir='ltr'><strong>porticu</strong></span> <span class='ocrx_word' id='word_1_246' title='bbox 1104 2076 1237 2120; x_wconf 82' lang='lat' dir='ltr'><strong>templo</strong></span> <span class='ocrx_word' id='word_1_247' title='bbox 1269 2076 1509 2109; x_wconf 80' lang='lat' dir='ltr'>sanctissimae</span> 
     </span>
     <span class='ocr_line' id='line_1_31' title="bbox 76 2122 1510 2169; baseline -0.002 -12"><span class='ocrx_word' id='word_1_248' title='bbox 76 2125 243 2169; x_wconf 80' lang='lat' dir='ltr'>deiparae</span> <span class='ocrx_word' id='word_1_249' title='bbox 267 2124 394 2164; x_wconf 82' lang='lat' dir='ltr'><strong>vicina,</strong></span> <span class='ocrx_word' id='word_1_250' title='bbox 417 2122 506 2156; x_wconf 85' lang='lat' dir='ltr'><strong>adeo</strong></span> <span class='ocrx_word' id='word_1_251' title='bbox 533 2127 572 2154; x_wconf 87' lang='lat' dir='ltr'><strong>ut</strong></span> <span class='ocrx_word' id='word_1_252' title='bbox 598 2133 778 2154; x_wconf 85' lang='lat' dir='ltr'><strong>cereorum</strong></span> <span class='ocrx_word' id='word_1_253' title='bbox 805 2122 977 2155; x_wconf 82' lang='lat' dir='ltr'><strong>artificum</strong></span> <span class='ocrx_word' id='word_1_254' title='bbox 1005 2128 1041 2155; x_wconf 85' lang='lat' dir='ltr'><strong>et</strong></span> <span class='ocrx_word' id='word_1_255' title='bbox 1066 2122 1339 2166; x_wconf 83' lang='lat' dir='ltr'><strong>pelliciariorum</strong></span> <span class='ocrx_word' id='word_1_256' title='bbox 1369 2123 1436 2156; x_wconf 83' lang='lat' dir='ltr'><strong>sori</strong></span> <span class='ocrx_word' id='word_1_257' title='bbox 1463 2122 1510 2155; x_wconf 89' lang='lat' dir='ltr'><strong>ad</strong></span> 
     </span>
     <span class='ocr_line' id='line_1_32' title="bbox 71 2168 1508 2216; baseline -0.001 -12"><span class='ocrx_word' id='word_1_258' title='bbox 71 2171 222 2204; x_wconf 76' lang='lat' dir='ltr'><strong>Psechas</strong></span> <span class='ocrx_word' id='word_1_259' title='bbox 250 2181 361 2216; x_wconf 83' lang='lat' dir='ltr'><strong>usque</strong></span> <span class='ocrx_word' id='word_1_260' title='bbox 380 2174 673 2203; x_wconf 71' lang='lat' dir='ltr'><strong>consumerentur</strong></span> <span class='ocrx_word' id='word_1_261' title='bbox 689 2168 858 2202; x_wconf 83' lang='lat' dir='ltr'><strong>officinae.</strong></span> <span class='ocrx_word' id='word_1_262' title='bbox 886 2168 1160 2214; x_wconf 81' lang='lat' dir='ltr'><strong>Christophorus</strong></span> <span class='ocrx_word' id='word_1_263' title='bbox 1183 2170 1373 2215; x_wconf 87' lang='lat' dir='ltr'><strong>imperator</strong></span> <span class='ocrx_word' id='word_1_264' title='bbox 1390 2181 1508 2203; x_wconf 85' lang='lat' dir='ltr'><strong>mense</strong></span> 
     </span>
     <span class='ocr_line' id='line_1_33' title="bbox 72 2215 1510 2262; baseline 0 -12"><span class='ocrx_word' id='word_1_265' title='bbox 72 2219 244 2262; x_wconf 79' lang='lat' dir='ltr'><strong>Augusto,</strong></span> <span class='ocrx_word' id='word_1_266' title='bbox 269 2217 465 2251; x_wconf 72' lang='lat' dir='ltr'><strong>indictione</strong></span> <span class='ocrx_word' id='word_1_267' title='bbox 491 2222 628 2262; x_wconf 84' lang='lat' dir='ltr'><strong>quarta,</strong></span> <span class='ocrx_word' id='word_1_268' title='bbox 653 2215 747 2249; x_wconf 86' lang='lat' dir='ltr'><strong>diem</strong></span> <span class='ocrx_word' id='word_1_269' title='bbox 773 2227 973 2259; x_wconf 83' lang='lat' dir='ltr'><strong>supremum</strong></span> <span class='ocrx_word' id='word_1_270' title='bbox 1000 2217 1102 2256; x_wconf 83' lang='lat' dir='ltr'><strong>obiit,</strong></span> <span class='ocrx_word' id='word_1_271' title='bbox 1127 2221 1165 2249; x_wconf 85' lang='lat' dir='ltr'><strong>et</strong></span> <span class='ocrx_word' id='word_1_272' title='bbox 1188 2217 1226 2250; x_wconf 89' lang='lat' dir='ltr'><strong>in</strong></span> <span class='ocrx_word' id='word_1_273' title='bbox 1254 2217 1414 2261; x_wconf 82' lang='lat' dir='ltr'><strong>praefato</strong></span> <span class='ocrx_word' id='word_1_274' title='bbox 1446 2229 1510 2261; x_wconf 79' lang='lat' dir='ltr'><strong>pa-</strong></span> 
     </span>
     <span class='ocr_line' id='line_1_34' title="bbox 73 2262 1508 2308; baseline -0.001 -10"><span class='ocrx_word' id='word_1_275' title='bbox 73 2265 136 2298; x_wconf 88' lang='lat' dir='ltr'><strong>tris</strong></span> <span class='ocrx_word' id='word_1_276' title='bbox 170 2266 223 2298; x_wconf 80' lang='lat' dir='ltr'><strong>sui</strong></span> <span class='ocrx_word' id='word_1_277' title='bbox 256 2264 469 2298; x_wconf 78' lang='lat' dir='ltr'><strong>monasterio</strong></span> <span class='ocrx_word' id='word_1_278' title='bbox 500 2274 626 2308; x_wconf 87' lang='lat' dir='ltr'><strong>corpus</strong></span> <span class='ocrx_word' id='word_1_279' title='bbox 663 2265 737 2296; x_wconf 85' lang='lat' dir='ltr'><strong>eius</strong></span> <span class='ocrx_word' id='word_1_280' title='bbox 775 2262 995 2295; x_wconf 76' lang='lat' dir='ltr'><strong>reconditum</strong></span> <span class='ocrx_word' id='word_1_281' title='bbox 1028 2269 1093 2297; x_wconf 84' lang='lat' dir='ltr'><strong>est.</strong></span> <span class='ocrx_word' id='word_1_282' title='bbox 1149 2263 1379 2308; x_wconf 82' lang='lat' dir='ltr'><strong>Tryphonem</strong></span> <span class='ocrx_word' id='word_1_283' title='bbox 1403 2275 1508 2308; x_wconf 86' lang='lat' dir='ltr'><strong>porro</strong></span> 
     </span>
     <span class='ocr_line' id='line_1_35' title="bbox 73 2309 1510 2357; baseline -0.001 -12"><span class='ocrx_word' id='word_1_284' title='bbox 73 2311 309 2357; x_wconf 79' lang='lat' dir='ltr'><strong>patriarcham</strong></span> <span class='ocrx_word' id='word_1_285' title='bbox 334 2312 489 2355; x_wconf 80' lang='lat' dir='ltr'><strong>Augusto</strong></span> <span class='ocrx_word' id='word_1_286' title='bbox 514 2321 647 2350; x_wconf 85' lang='lat' dir='ltr'><strong>mense,</strong></span> <span class='ocrx_word' id='word_1_287' title='bbox 676 2309 872 2342; x_wconf 86' lang='lat' dir='ltr'><strong>indictione</strong></span> <span class='ocrx_word' id='word_1_288' title='bbox 898 2311 1017 2350; x_wconf 78' lang='lat' dir='ltr'><strong>tertia,</strong></span> <span class='ocrx_word' id='word_1_289' title='bbox 1046 2310 1301 2357; x_wconf 82' lang='lat' dir='ltr'><strong>deposuerunt,</strong></span> <span class='ocrx_word' id='word_1_290' title='bbox 1328 2323 1444 2356; x_wconf 87' lang='lat' dir='ltr'><strong>eoque</strong></span> <span class='ocrx_word' id='word_1_291' title='bbox 1471 2311 1510 2344; x_wconf 89' lang='lat' dir='ltr'><strong>in.</strong></span> 
     </span>
     <span class='ocr_line' id='line_1_36' title="bbox 71 2356 1507 2405; baseline -0.001 -13"><span class='ocrx_word' id='word_1_292' title='bbox 71 2360 253 2405; x_wconf 85' lang='lat' dir='ltr'><strong>proprium</strong></span> <span class='ocrx_word' id='word_1_293' title='bbox 270 2359 520 2392; x_wconf 81' lang='lat' dir='ltr'><strong>monasterium</strong></span> <span class='ocrx_word' id='word_1_294' title='bbox 539 2369 576 2390; x_wconf 88' lang='lat' dir='ltr'><strong>se</strong></span> <span class='ocrx_word' id='word_1_295' title='bbox 592 2358 786 2402; x_wconf 82' lang='lat' dir='ltr'><strong>recipiente</strong></span> <span class='ocrx_word' id='word_1_296' title='bbox 803 2362 839 2390; x_wconf 82' lang='lat' dir='ltr'><strong>et</strong></span> <span class='ocrx_word' id='word_1_297' title='bbox 860 2356 1028 2390; x_wconf 83' lang='lat' dir='ltr'><strong>defuncto</strong></span> <span class='ocrx_word' id='word_1_298' title='bbox 1051 2369 1181 2392; x_wconf 79' lang='lat' dir='ltr'><strong>annum</strong></span> <span class='ocrx_word' id='word_1_299' title='bbox 1198 2370 1305 2391; x_wconf 88' lang='lat' dir='ltr'><strong>unum</strong></span> <span class='ocrx_word' id='word_1_300' title='bbox 1321 2365 1357 2391; x_wconf 83' lang='lat' dir='ltr'><strong>et</strong></span> <span class='ocrx_word' id='word_1_301' title='bbox 1371 2360 1507 2390; x_wconf 82' lang='lat' dir='ltr'><strong>me‘nses</strong></span> 
     </span>
     <span class='ocr_line' id='line_1_37' title="bbox 72 2404 1510 2453; baseline -0.002 -14"><span class='ocrx_word' id='word_1_302' title='bbox 72 2407 246 2453; x_wconf 89' lang='lat' dir='ltr'><strong>quinque,</strong></span> <span class='ocrx_word' id='word_1_303' title='bbox 270 2404 428 2438; x_wconf 89' lang='lat' dir='ltr'><strong>nondum</strong></span> <span class='ocrx_word' id='word_1_304' title='bbox 446 2411 581 2438; x_wconf 84' lang='lat' dir='ltr'><strong>matura</strong></span> <span class='ocrx_word' id='word_1_305' title='bbox 594 2404 855 2449; x_wconf 84' lang='lat' dir='ltr'><strong>Theophylacti</strong></span> <span class='ocrx_word' id='word_1_306' title='bbox 881 2405 1100 2449; x_wconf 80' lang='lat' dir='ltr'><strong>imperatoris</strong></span> <span class='ocrx_word' id='word_1_307' title='bbox 1127 2406 1194 2438; x_wconf 84' lang='lat' dir='ltr'><strong>filii</strong></span> <span class='ocrx_word' id='word_1_308' title='bbox 1210 2407 1356 2438; x_wconf 84' lang='lat' dir='ltr'><strong>Romani</strong></span> <span class='ocrx_word' id='word_1_309' title='bbox 1380 2410 1510 2443; x_wconf 84' lang='lat' dir='ltr'><strong>aetate,</strong></span> 
     </span>
     <span class='ocr_line' id='line_1_38' title="bbox 73 2450 1509 2498; baseline -0.003 -11"><span class='ocrx_word' id='word_1_310' title='bbox 73 2454 221 2487; x_wconf 82' lang='lat' dir='ltr'><strong>ecclesia</strong></span> <span class='ocrx_word' id='word_1_311' title='bbox 246 2458 389 2498; x_wconf 83' lang='lat' dir='ltr'><strong>pastore</strong></span> <span class='ocrx_word' id='word_1_312' title='bbox 427 2451 572 2485; x_wconf 83' lang='lat' dir='ltr'><strong>viduata</strong></span> <span class='ocrx_word' id='word_1_313' title='bbox 600 2453 805 2496; x_wconf 82' lang='lat' dir='ltr'><strong>permansit.</strong></span> <span class='ocrx_word' id='word_1_314' title='bbox 851 2452 1020 2484; x_wconf 64' lang='lat' dir='ltr'><strong>Basilius</strong></span> <span class='ocrx_word' id='word_1_315' title='bbox 1044 2458 1161 2486; x_wconf 81' lang='lat' dir='ltr'><strong>autem</strong></span> <span class='ocrx_word' id='word_1_316' title='bbox 1186 2452 1329 2498; x_wconf 85' lang='lat' dir='ltr'><strong>quidam</strong></span> <span class='ocrx_word' id='word_1_317' title='bbox 1350 2450 1509 2490; x_wconf 81' lang='lat' dir='ltr'><strong>Macedo,</strong></span> 
     </span>
     <span class='ocr_line' id='line_1_39' title="bbox 72 2498 1508 2546; baseline -0.003 -12"><span class='ocrx_word' id='word_1_318' title='bbox 72 2512 199 2546; x_wconf 87' lang='lat' dir='ltr'><strong>pravus</strong></span> <span class='ocrx_word' id='word_1_319' title='bbox 232 2501 404 2544; x_wconf 85' lang='lat' dir='ltr'><strong>impostor</strong></span> <span class='ocrx_word' id='word_1_320' title='bbox 444 2499 714 2533; x_wconf 71' lang='lat' dir='ltr'><strong>Constantinum</strong></span> <span class='ocrx_word' id='word_1_321' title='bbox 749 2498 874 2531; x_wconf 87' lang='lat' dir='ltr'><strong>ducem</strong></span> <span class='ocrx_word' id='word_1_322' title='bbox 908 2509 945 2531; x_wconf 89' lang='lat' dir='ltr'><strong>se</strong></span> <span class='ocrx_word' id='word_1_323' title='bbox 978 2500 1094 2544; x_wconf 68' lang='lat' dir='ltr'><strong>ipsum</strong></span> <span class='ocrx_word' id='word_1_324' title='bbox 1128 2500 1310 2538; x_wconf 84' lang='lat' dir='ltr'><strong>mentitus,</strong></span> <span class='ocrx_word' id='word_1_325' title='bbox 1336 2499 1508 2543; x_wconf 83' lang='lat' dir='ltr'><strong>plurimos</strong></span> 
     </span>
     <span class='ocr_line' id='line_1_40' title="bbox 71 2544 1509 2593; baseline -0.002 -13"><span class='ocrx_word' id='word_1_326' title='bbox 71 2553 155 2593; x_wconf 83' lang='lat' dir='ltr'><strong>post</strong></span> <span class='ocrx_word' id='word_1_327' title='bbox 200 2558 236 2580; x_wconf 89' lang='lat' dir='ltr'><strong>se</strong></span> <span class='ocrx_word' id='word_1_328' title='bbox 263 2545 475 2579; x_wconf 86' lang='lat' dir='ltr'><strong>abducebat.</strong></span> <span class='ocrx_word' id='word_1_329' title='bbox 532 2546 590 2579; x_wconf 88' lang='lat' dir='ltr'><strong>hic</strong></span> <span class='ocrx_word' id='word_1_330' title='bbox 613 2546 658 2579; x_wconf 81' lang='lat' dir='ltr'><strong>ab</strong></span> <span class='ocrx_word' id='word_1_331' title='bbox 678 2544 918 2590; x_wconf 78' lang='lat' dir='ltr'><strong>Elephantine</strong></span> <span class='ocrx_word' id='word_1_332' title='bbox 943 2545 1077 2591; x_wconf 87' lang='lat' dir='ltr'><strong>Opsicii</strong></span> <span class='ocrx_word' id='word_1_333' title='bbox 1112 2552 1304 2580; x_wconf 81' lang='lat' dir='ltr'><strong>turmarum</strong></span> <span class='ocrx_word' id='word_1_334' title='bbox 1328 2546 1509 2590; x_wconf 77' lang='lat' dir='ltr'><strong>praefecto</strong></span> 
     </span>
     <span class='ocr_line' id='line_1_41' title="bbox 71 2593 1511 2640; baseline -0.003 -12"><span class='ocrx_word' id='word_1_335' title='bbox 71 2594 214 2640; x_wconf 89' lang='lat' dir='ltr'><strong>Cpolim</strong></span> <span class='ocrx_word' id='word_1_336' title='bbox 233 2593 432 2633; x_wconf 82' lang='lat' dir='ltr'><strong>abducitur,</strong></span> <span class='ocrx_word' id='word_1_337' title='bbox 456 2598 493 2626; x_wconf 87' lang='lat' dir='ltr'><strong>et</strong></span> <span class='ocrx_word' id='word_1_338' title='bbox 515 2604 680 2626; x_wconf 87' lang='lat' dir='ltr'><strong>manuum</strong></span> <span class='ocrx_word' id='word_1_339' title='bbox 700 2593 812 2626; x_wconf 78' lang='lat' dir='ltr'><strong>altera</strong></span> <span class='ocrx_word' id='word_1_340' title='bbox 836 2603 854 2625; x_wconf 83' lang='lat' dir='ltr'><strong>a</strong></span> <span class='ocrx_word' id='word_1_341' title='bbox 871 2593 973 2626; x_wconf 85' lang='lat' dir='ltr'><strong>Petro</strong></span> <span class='ocrx_word' id='word_1_342' title='bbox 997 2593 1178 2638; x_wconf 84' lang='lat' dir='ltr'><strong>praefecto</strong></span> <span class='ocrx_word' id='word_1_343' title='bbox 1206 2599 1399 2626; x_wconf 84' lang='lat' dir='ltr'><strong>truncatur.</strong></span> <span class='ocrx_word' id='word_1_344' title='bbox 1449 2603 1511 2627; x_wconf 80' lang='lat' dir='ltr'><strong>oc-</strong></span> 
     </span>
     <span class='ocr_line' id='line_1_42' title="bbox 74 2639 1510 2686; baseline -0.002 -12"><span class='ocrx_word' id='word_1_345' title='bbox 74 2643 216 2674; x_wconf 80' lang='lat' dir='ltr'><strong>casioue</strong></span> <span class='ocrx_word' id='word_1_346' title='bbox 245 2639 376 2674; x_wconf 88' lang='lat' dir='ltr'><strong>deinde</strong></span> <span class='ocrx_word' id='word_1_347' title='bbox 410 2645 550 2685; x_wconf 82' lang='lat' dir='ltr'><strong>captata</strong></span> <span class='ocrx_word' id='word_1_348' title='bbox 584 2641 620 2674; x_wconf 90' lang='lat' dir='ltr'><strong>in</strong></span> <span class='ocrx_word' id='word_1_349' title='bbox 649 2640 831 2685; x_wconf 85' lang='lat' dir='ltr'><strong>Opsicium</strong></span> <span class='ocrx_word' id='word_1_350' title='bbox 858 2650 995 2673; x_wconf 86' lang='lat' dir='ltr'><strong>rursum</strong></span> <span class='ocrx_word' id='word_1_351' title='bbox 1022 2640 1239 2686; x_wconf 81' lang='lat' dir='ltr'><strong>digreditur,</strong></span> <span class='ocrx_word' id='word_1_352' title='bbox 1266 2645 1302 2672; x_wconf 84' lang='lat' dir='ltr'><strong>et</strong></span> <span class='ocrx_word' id='word_1_353' title='bbox 1328 2644 1510 2672; x_wconf 76' lang='lat' dir='ltr'><strong>truncatae</strong></span> 
     </span>
     <span class='ocr_line' id='line_1_43' title="bbox 72 2686 1511 2734; baseline -0.003 -11"><span class='ocrx_word' id='word_1_354' title='bbox 72 2689 149 2723; x_wconf 78' lang='lat' dir='ltr'><strong>vice</strong></span> <span class='ocrx_word' id='word_1_355' title='bbox 174 2699 316 2722; x_wconf 82' lang='lat' dir='ltr'><strong>manum</strong></span> <span class='ocrx_word' id='word_1_356' title='bbox 341 2698 480 2721; x_wconf 83' lang='lat' dir='ltr'><strong>aeream</strong></span> <span class='ocrx_word' id='word_1_357' title='bbox 513 2686 582 2720; x_wconf 90' lang='lat' dir='ltr'><strong>sibi</strong></span> <span class='ocrx_word' id='word_1_358' title='bbox 609 2686 781 2733; x_wconf 74' lang='lat' dir='ltr'><strong>adaptans</strong></span> <span class='ocrx_word' id='word_1_359' title='bbox 819 2686 1072 2734; x_wconf 81' lang='lat' dir='ltr'><strong>ingentemque</strong></span> <span class='ocrx_word' id='word_1_360' title='bbox 1096 2688 1258 2734; x_wconf 76' lang='lat' dir='ltr'><strong>spatham</strong></span> <span class='ocrx_word' id='word_1_361' title='bbox 1283 2686 1350 2720; x_wconf 90' lang='lat' dir='ltr'><strong>sibi</strong></span> <span class='ocrx_word' id='word_1_362' title='bbox 1372 2696 1511 2719; x_wconf 86' lang='lat' dir='ltr'><strong>accom-</strong></span> 
     </span>
    </p>
   </div>
   <div class='ocr_carea' id='block_1_5' title="bbox 142 2760 1258 2800">
    <p class='ocr_par' dir='ltr' id='par_1_6' title="bbox 142 2760 1258 2800">
     <span class='ocr_line' id='line_1_44' title="bbox 142 2760 1258 2800; baseline -0.001 -6"><span class='ocrx_word' id='word_1_363' title='bbox 142 2761 212 2800; x_wconf 61' lang='lat' dir='ltr'><strong>Lsso</strong></span> <span class='ocrx_word' id='word_1_364' title='bbox 239 2762 514 2796; x_wconf 65' lang='lat' dir='ltr'><strong>Grammaticus.</strong></span> <span class='ocrx_word' id='word_1_365' title='bbox 1216 2760 1258 2794; x_wconf 87' lang='lat'><strong>21</strong></span> 
     </span>
    </p>
   </div>
  </div>
 </body>
</html>
