1838 3132
318 176 390 216 DE
413 175 819 220 THESSALONICA
857 177 894 220 A
933 179 1141 220 LATINIS
1167 177 1356 220 CAPTA.
1447 174 1542 220 369

106 276 320 331 κλήσεσιν·
387 279 429 319 εἰ
472 279 520 320 δὲ
547 280 619 320 καί
657 279 880 333 δυνήσεται
923 281 1260 334 κατευστοχῆσαι
1301 279 1378 320 τοῦ
1415 282 1546 319 κακοῦ

106 341 213 397 πρὸς
260 340 376 396 ἔπος,
418 346 512 397 ἐρεῖ·
533 340 586 386 ἂν
621 343 723 386 αὐτὰ
753 345 829 385 οὔκ
859 344 1087 395 ἀπεικότως
1122 347 1339 402 φωστῆρος
1363 344 1546 398 μεγάλου

105 409 332 466 ἀφάνειαν,
375 411 498 453 οὐδὲν
531 413 608 464 μὲν
638 413 789 459 ἐκεῖνος
817 415 945 465 λέγων
973 409 1079 465 πρὸς
1117 408 1254 461 πάθος
1294 412 1441 467 (ἐχρῆν
1465 408 1548 466 γὰρ

109 473 252 526 ἄλλοις
280 474 481 529 ὀνόμασιν
509 478 695 519 ἐνταῦθα
723 477 1034 532 παθήνασθαι),
1062 479 1118 534 τῷ
1132 481 1336 535 μεγαλείῳ
1358 480 1404 520 δὲ
1436 475 1550 529 ὅμως

73 542 251 596 ῦόρθῶς
281 541 514 596 ἐπιβάλλων
549 543 625 585 τοῦ
667 544 1034 597 δυσπραγήματος.
1102 539 1129 598 ἢ
1155 543 1236 598 γάρ
1270 545 1331 585 ὀυ’
1360 541 1551 593 τοιοῦτόν

107 626 147 652 τι
175 609 220 651 τὸ
251 608 328 664 τήν
357 611 402 651 ἐν
432 613 524 658 ταῖς
549 609 620 650 ὕπ’
638 607 816 664 οὐρανὸν
843 608 987 651 πόλεσι
1017 610 1127 652 πάνυ
1155 610 1348 666 λαμπρὸν
1375 611 1553 667 φαίνου-

107 692 189 718 σαν
219 677 524 729 Θεσσαλονίκην
566 671 677 717 οὕτω
707 679 860 717 παθεῖν
886 672 942 725 ὥς
968 676 1042 718 νῦν
1067 675 1180 729 ἔχει;
1222 675 1309 731 ἔχει
1335 679 1383 718 δὲ
1410 676 1467 726 ὥς
1497 671 1553 717 ἄν

108 740 358 792 α’πεὺξᾳιντο
386 740 457 782 καί
482 741 643 796 ἐχθροί,
674 741 778 783 ὥσεί
809 741 881 784 καί
910 740 1036 784 καλὸν
1065 739 1175 791 εἶδος
1206 742 1446 798 ἀφανισθὲν
1475 745 1551 783 λυ-

106 812 182 848 πεῖ
205 805 367 849 καὶτὸν
395 802 446 863 ἦν
475 805 544 849 ὅτε
568 806 835 862 ἆπόστοργον.
867 802 975 860 ὧίιοι
1005 809 1214 863 δαίμονος,
1242 806 1288 857 ὃς
1316 800 1427 849 οῧτω
1453 810 1554 862 βρι-

54 882 96 916 10
109 871 192 922 θύς
230 873 477 928 τηλικαύτης
519 872 675 924 πόλεως
709 874 902 932 εὐετηρίᾳ
948 876 1121 928 ἐνήλατο
1153 877 1226 916 καί
1252 872 1572 928 ’contemnendam'

109 935 296 994 ιῖπήγαγε
333 941 412 991 μὲν
444 934 518 981 οὖν
547 941 675 995 αὐτὴν
703 942 861 994 τέλεον,
892 940 947 990 ὥς
975 942 1083 995 μηδὲ
1114 941 1313 994 λείψανον
1337 942 1555 992 ἑναπομεῖ-

107 1021 178 1047 ναι
206 1001 392 1053 παλαιᾶς
418 1009 630 1061 καλλονῆς.
688 1009 760 1047 καί
786 1009 901 1062 τείχη
921 1009 999 1060 μὲν
1020 1007 1152 1061 αὔτῆς
1181 1006 1456 1061 η’χρειωμένα,
1485 1003 1559 1046 καὶ

107 1069 201 1124 ἱερά
239 1070 290 1113 τοὶ
337 1071 471 1113 πάντα
513 1075 795 1129 κατῃκισμένα
836 1075 897 1122 εἰς
933 1069 1033 1114 ὅσον
1073 1072 1173 1114 οὐδὲ
1209 1069 1330 1114 τόποι
1357 1072 1559 1125 τολμητοί

107 1139 224 1192 πᾶσι,
247 1139 327 1178 ’καί
366 1133 470 1179 οἶκοι
500 1138 720 1192 εὐπρεπεῖς
762 1140 1082 1195 κατῃσχυμένοι,
1112 1139 1186 1179 καί
1210 1139 1450 1192 περιουσιάι
1477 1151 1558 1177 πο-

54 1205 231 1245 Ῑὸλιτῶν
271 1202 316 1246 αἱ
354 1207 431 1257 μὲν
464 1205 716 1259 η’ντλημέναι
756 1203 801 1246 αἱ
835 1206 871 1246 δ’
917 1205 1192 1258 ε’κκεχυμέναι
1224 1206 1296 1246 καί
1333 1199 1472 1251 ἄλλως
1509 1203 1558 1244 δὲ

108 1272 426 1324 διεσπαρμέναι,
454 1271 498 1312 τί
525 1267 576 1311 ἄν
602 1274 793 1326 λέγοιντο,
822 1269 926 1312 ἔνθα
958 1273 1033 1311 οὐκ
1062 1269 1185 1325 ἔστιν,
1215 1270 1271 1318 ὥς
1302 1271 1444 1323 ἐχρῆν,
1474 1268 1558 1310 αὖ..

106 1335 158 1378 τά
190 1336 426 1387 διι’“ξεσθαι;
457 1335 503 1377 τὸ
537 1338 583 1378 δὲ
615 1338 659 1378 ἐν
690 1339 741 1393 τῇ
766 1335 881 1378 πόλει
916 1339 1088 1389 πλῆθος,
1121 1333 1170 1378 οὗ
1200 1335 1324 1389 μόνον
1352 1334 1398 1377 τὸ
1431 1352 1558 1389 στρα-

108 1402 298 1444 τιωτικὸν
325 1402 433 1445 ἀλλὰ
462 1403 534 1444 καί
560 1402 604 1445 τὸ
635 1403 789 1458 λοιπόν,
821 1399 915 1445 ὅσον
947 1403 991 1444 ἐν
1030 1401 1122 1459 ἱερᾷ
1147 1402 1333 1460 πολιτείᾳ
1361 1403 1410 1459 τῇ
1451 1398 1557 1443 κατὰ

108 1467 264 1522 κόσμον
291 1470 363 1511 καί
404 1466 501 1511 ὅσον
533 1470 580 1511 δὲ
620 1467 778 1519 λαϊκόν,
810 1472 873 1519 τίς
902 1464 953 1510 ἂν
994 1470 1037 1517 ἐς
1063 1468 1184 1518 οἷξιάν
1208 1466 1455 1523 ὃακρύσειες
1485 1469 1560 1509 ναὶ

50 1541 96 1575 20
109 1533 195 1589 μὴν
222 1535 296 1577 καί
325 1534 422 1577 ὅσον
448 1538 522 1578 τοῦ
562 1537 658 1589 βίου
689 1536 758 1577 τὸν
788 1539 988 1591 φλοῖσβον
1024 1535 1380 1589 διακρουσάμενον
1413 1534 1468 1582 ὥς
1497 1535 1558 1581 εἰς

108 1603 256 1654 λιμένα
285 1600 507 1658 κατήντησε
533 1600 578 1644 τὸ
613 1601 815 1655 α’πρόϊτον
844 1604 918 1656 τῆς
948 1599 1221 1655 ἐνοικήσεως,
1250 1599 1397 1648 πάντες
1427 1593 1556 1651 οὗτοι,

107 1666 211 1709 ώσεί
236 1667 310 1710 καί
338 1669 504 1720 α’κρίὸες
537 1669 642 1721 πυρὶ
667 1666 769 1708 κατὰ
801 1665 918 1722 λήϊον
947 1666 1237 1720 ἐλαυνόμεναι,
1263 1668 1312 1723 τῇ
1343 1667 1558 1721 καυστηρᾷ

107 1734 224 1791 μα’χῃ
257 1734 361 1791 πρὸς
392 1731 565 1789 ὄλεθρον
594 1734 921 1785 ε’ξετινάσσοντο.
990 1734 1062 1774 καί
1093 1731 1129 1773 οἱ
1162 1734 1239 1786 μὲν
1267 1735 1457 1784 πολέμιοι
1483 1745 1557 1772 πε-

111 1897 220 1930 luerit
243 1897 395 1943 assequi,
421 1895 515 1928 haud
543 1896 718 1928 immerito
738 1895 868 1928 dixerit
893 1893 1020 1927 sideris
1046 1893 1166 1926 eximii
1194 1903 1376 1926 occasum:
1409 1892 1555 1925 minime

110 1945 174 1977 ille
202 1944 345 1989 quidem
383 1944 582 1987 significans
615 1944 662 1975 rei
698 1943 874 1974 miseriam
912 1942 1007 1986 (aliis
1047 1941 1141 1974 enim
1169 1939 1435 1973 lamentandum
1461 1941 1557 1973 foret

110 1991 330 2035 vocabulis),
365 1990 427 2023 sed
456 1997 576 2023 tamen
600 1989 880 2032 magnitudinem
898 1989 948 2020 rei
973 1992 1067 2021 reete
1096 1988 1286 2031 attingens.
1335 1998 1454 2019 annon
1481 1987 1554 2019 tale

112 2038 200 2083 quid
226 2044 279 2070 est
303 2037 579 2070 Thessalonicae
607 2038 700 2069 inter
730 2036 832 2068 urbes
867 2035 973 2078 longe
999 2034 1220 2079 splendentis
1250 2045 1302 2074 ea,
1331 2045 1401 2078 qua
1425 2034 1555 2066 afflicta

110 2087 215 2125 iacet,
244 2085 454 2117 calamitas?
503 2085 596 2117 iacet
621 2089 738 2116 autem
768 2084 830 2120 ita,
856 2088 895 2114 ut
917 2082 1152 2114 misereantur
1176 2082 1281 2114 etiam
1310 2081 1458 2120 inimici,
1484 2081 1555 2112 sie-

110 2133 164 2165 uti
197 2133 387 2165 formosam
430 2133 581 2172 faciem,
616 2142 725 2175 quum
762 2129 880 2162 deleta
909 2134 984 2169 est,
1020 2129 1207 2161 miseretur
1244 2129 1348 2161 etiam
1374 2128 1435 2173 qui
1466 2127 1555 2160 olim

112 2179 250 2212 oderat.
299 2179 390 2211 eheu
421 2178 602 2212 daemonis
631 2176 814 2216 invidiam,
839 2176 902 2221 qui
926 2181 998 2208 tam
1024 2175 1204 2208 violenter
1230 2180 1348 2208 tantae
1376 2175 1476 2207 urbis
1500 2175 1555 2206 fe-

111 2227 283 2259 licitatem
312 2226 439 2258 invasit
463 2232 499 2259 et
524 2223 672 2258 evertit!
700 2224 835 2256 delevit
859 2234 949 2263 eam,
976 2227 1016 2255 ut
1042 2233 1087 2254 ne
1112 2223 1289 2265 particula
1312 2221 1455 2267 quidem
1476 2221 1552 2265 pri·

112 2274 228 2306 stinae
256 2272 508 2317 pulcritudinis
543 2272 665 2305 relicta
693 2272 751 2304 sit.
809 2271 949 2303 moenia
978 2269 1075 2302 urbis
1102 2268 1300 2309 destructa,
1326 2274 1433 2313 atque
1462 2273 1554 2300 tem-

111 2321 172 2365 pla
201 2321 320 2352 omnia
347 2321 395 2352 ita
416 2319 637 2358 dedecorata,
666 2324 704 2351 ut
719 2328 765 2350 ne
786 2317 863 2350 loca
882 2316 1026 2362 quidem
1050 2317 1183 2361 turpari
1204 2317 1321 2350 solent
1345 2321 1554 2348 cunctorum

113 2367 266 2403 ludibrio
297 2366 472 2406 obnoxia,
498 2366 659 2398 aedificia
687 2363 876 2410 splendida
900 2363 1054 2403 foedata,
1078 2369 1114 2396 et
1147 2363 1243 2396 bona
1271 2363 1398 2396 civium
1425 2361 1553 2405 partim

112 2414 283 2446 exhausta
303 2414 432 2457 partim
450 2413 619 2457 dissipata
639 2418 674 2445 et
698 2422 913 2457 quocunque
939 2410 1045 2443 modo
1070 2409 1249 2455 dispersa:
1278 2410 1378 2450 haec,
1396 2410 1569 2453 inquam„

110 2472 182 2506 quo
211 2462 354 2492 nomine
381 2461 621 2504 appellentur,
648 2458 789 2504 quando
817 2458 982 2497 enarrari,
1006 2463 1044 2490 ut
1065 2468 1128 2502 par
1151 2458 1258 2496 foret,
1283 2468 1356 2490 non
1376 2455 1553 2500 possunt?

110 2507 376 2540 multitudinem
404 2513 520 2539 antem
546 2506 654 2546 urbis,
678 2517 751 2538 non
777 2505 884 2537 modo
915 2505 1116 2545 militarem,
1142 2503 1202 2537 sed
1229 2505 1333 2536 etiam
1363 2503 1552 2547 reliquam,

111 2560 185 2587 tum
210 2555 302 2587 vitae
331 2554 528 2586 mundanae
565 2553 736 2593 elericos,
764 2558 839 2585 tum
866 2553 994 2590 laicos,
1028 2552 1106 2596 quis
1128 2550 1233 2595 digne
1258 2550 1403 2594 lugeat?
1452 2548 1552 2595 quid,

111 2601 209 2646 quod
233 2602 353 2641 etiam,
379 2602 438 2646 qni
467 2601 642 2633 evitarant
667 2605 896 2644 tempestates
922 2599 1016 2631 vitae
1033 2603 1069 2631 et
1093 2603 1261 2642 tanquam
1290 2599 1326 2629 in
1350 2601 1491 2641 portum
1515 2597 1553 2629 in

111 2649 261 2681 claustra
297 2648 592 2680 monasteriorum
628 2651 884 2691 penetrarant,
913 2656 1057 2684 omnes,
1091 2645 1192 2677 velut
1217 2645 1378 2676 locustae
1403 2642 1552 2676 flammis

110 2706 172 2740 per
198 2701 333 2739 segetes
359 2700 553 2739 correptae,
579 2699 746 2727 aestuoso
770 2693 870 2725 bello
896 2692 934 2724 in
958 2692 1151 2736 perniciem
1176 2690 1382 2724 dabantur?
1429 2689 1552 2723 hostes

110 2742 203 2774 enim
230 2743 488 2774 circumeuntes
514 2740 686 2774 flammam
711 2741 784 2773 irae
810 2740 848 2773 in
871 2749 1011 2772 omnem
1031 2739 1210 2771 civitatem
1236 2737 1470 2780 evomebant3
1494 2737 1552 2770 illi

183 2816 252 2849 Leo
281 2817 556 2850 Grammaticus.
1252 2809 1297 2844 24
