1838 3132
490 145 562 187 DE
599 143 775 187 mous
812 141 1036 186 BARDAE
1059 143 1105 187 F.
1420 141 1516 205 353

71 248 173 302 περί
208 245 254 289 δὲ
282 245 356 289 τοῦ
400 249 754 302 προσκυνεῖσθαι,
799 243 858 293 ὥς
894 241 1308 300 προσκυνοῦμεν-τὸν
1337 245 1520 299 σταυρὸν

70 315 145 356 καί
159 311 206 356 τὸ
236 314 502 368 εὐαγγέλιον,
539 313 850 368 προσκυνοῦμεν
890 315 963 354 καί
986 312 1062 361 τάς
1091 310 1273 367 εἰκόνας,
1301 311 1394 354 ἐπεὶ
1421 311 1521 352 ου’δὲ

70 381 208 422 ταῦτα
248 382 479 435 γέγραπται
521 380 873 433 προσκυνεῖσθαι·
940 379 1029 420 ἀλλ’
1080 377 1222 433 ἐπειδὴ
1269 375 1385 433 παρά
1440 379 1523 419 τῶν

74 443 317 489 οἷποστόλων
360 442 387 502 ἦ
428 445 623 501 ἐκκλησία
668 446 798 486 ταῦτα
848 444 1133 500 παρείληφεν,
1184 446 1234 487 ου’
1280 447 1351 488 δεῖ
1388 446 1567 500 ζητεϊνῠ

40 513 114 554 δεῖ
139 515 370 566 γέγραπται
397 507 425 566 ἢ
458 510 508 552 οὗ
534 512 774 565 γέγραπται·
831 509 962 552 πολλὰ
989 509 1068 565 γάρ
1089 508 1290 567 ἀγράφως
1325 511 1350 566 ἦ
1378 512 1525 564 ἐκκλη-

16 567 22 576 x
74 578 148 620 σιά
178 579 428 633 παρέλαβεν,
455 574 562 630 ἅπερ
590 577 779 630 λέγονται
808 577 1018 633 δόγματα,
1062 579 1116 618 δι’
1156 576 1420 630 ἐμπνεύσεως
1447 578 1526 618 τοῦ

77 644 199 699 ἁγίου
231 641 462 697 πνεύματος
497 644 592 684 καθ’
630 640 804 698 ἑκάστην
841 641 983 699 γενεάν
1014 642 1094 685 ὑπὸ
1134 647 1214 686 ταῖν
1245 643 1372 699 ἁγίων
1391 644 1527 686 αὐτοῦ

78 709 238 752 δούλων
269 709 342 752 καί
366 708 637 764 θεραπόντων
665 710 999 752 διατυπωθέντα.
1056 713 1150 753 ἐπεὶ
1170 713 1215 754 δὲ
1243 714 1376 754 ταῦτα
1401 706 1527 766 ἦκου-

78 792 161 832 σεν,
178 775 472 831 ἀπεδήλωσεν.
502 779 654 818 ιἢιέλθ.ζτ”
671 776 776 832 φησί
799 779 897 818 “nal
921 778 1170 833 διαλέχθητι
1189 778 1294 832 πρὸς
1320 776 1420 826 τούς
1437 778 1530 818 κατ’

24 849 68 884 10
80 845 193 900 ἔμέ,”
210 841 306 892 τούς
325 845 425 899 περὶ
453 843 668 886 Ἀντιόνιον
685 844 759 884 καί
776 842 970 897 Ἰωάννην
997 845 1143 898 λέγων,
1175 846 1246 886 “οἳ
1257 857 1368 892 τινες
1385 843 1531 899 ἄσφα-

79 913 161 960 λῶς
189 904 314 965 εὗρον
343 913 387 953 ἐν
415 914 612 958 παλαιοῖς
647 911 825 963 βιβλίοις
850 911 1022 964 χρήσεις
1054 910 1372 964 ἄποτρεπούσας
1401 924 1531 962 προσ-

80 979 302 1019 κυνεῖσθαι
342 975 418 1026 τοὶς
463 976 666 1025 εἰκόνας.”
723 978 795 1017 καί
826 974 970 1017 λοιπόν
998 976 1020 1016 ὅ
1042 975 1308 1032 πατριάρχης
1337 975 1531 1017 οἷπέστει-
1544 979 1588 1014 13

82 1046 154 1085 λεν
184 1043 434 1092 ἐπισκόπους
463 1044 537 1084 καί
576 1039 833 1098 ἡγουμένους
860 1043 1103 1097 ἐλλογᾲιους
1130 1041 1236 1098 πρὸς
1269 1040 1399 1084 αὐτὸν
1426 1039 1533 1095 πρὸς

84 1107 132 1151 τὸ
155 1107 501 1163 ἀπολογήσασθαι
529 1107 634 1162 πρὸς
662 1107 739 1157 τάς
765 1106 935 1157 πεύσεις
964 1110 1111 1150 αὐτοῦ’.
1148 1110 1457 1162 διαλεχθέντων
1487 1107 1534 1147 δὲ

31 1182 74 1217 15
87 1173 161 1216 καί
184 1173 259 1229 τὴν
287 1175 493 1230 α’λήθειαν
519 1173 850 1227 ἀποδειξάντων,
887 1177 1082 1227 ἐπέμενεν
1113 1172 1354 1228 ἀναγκάζων
1383 1171 1536 1220 αὐτοὺς

87 1242 362 1296 διαλεχθῆναι
393 1240 493 1296 πρὸς
519 1241 619 1290 τούς
647 1245 722 1296 τῆς
753 1242 944 1290 ἐναντίας
963 1243 1127 1296 μοίρας.
1185 1241 1224 1283 οἱ
1256 1242 1302 1282 δὲ
1332 1237 1444 1282 εἷπον
1474 1236 1535 1280 ὅτι

88 1301 183 1362 ὅρος
211 1306 301 1349 ἐστὶ
339 1310 412 1362 τῆς
440 1305 559 1362 ἁγίας
601 1310 782 1350 συνόδου
823 1306 873 1349 τά
920 1307 1060 1362 ὀρθῶς
1099 1310 1432 1362 δογματισθέντα
1468 1303 1585 1347 καὶΡ.
1600 1308 1670 1342 438

90 1373 415 1415 διατυπωθέντα
442 1373 499 1428 μή
531 1375 618 1415 δεῖν
645 1373 772 1415 πάλιν
803 1374 1044 1427 κακούργως
1073 1375 1293 1428 α’ναζητεϊν
1320 1370 1348 1427 ἢ
1375 1387 1540 1427 περιερ-

89 1439 309 1494 γάζεσθαι,
336 1441 442 1495 μηδὲ
480 1439 576 1489 τοὺς
613 1436 803 1494 ἄφρονας
834 1443 1031 1490 θέλοντας
1073 1444 1297 1496 φιλονικεῖν
1325 1442 1541 1480 ποιεῖσθαι

34 1502 345 1560 2Οοῖπολογίας,
386 1504 569 1558 μάλιστα
608 1508 655 1548 δὲ
694 1506 766 1548 καί
790 1507 848 1560 μὴ
890 1507 1176 1559 πειθομένους.
1235 1505 1311 1547 καί
1337 1521 1465 1561 φησιν
1493 1503 1542 1544 “ὅ

83 1567 254 1627 ’Ἄρειος
282 1571 520 1625 μονώτατος
550 1572 736 1628 λαλήσας
779 1574 968 1628 ἐποίησεν
1005 1573 1181 1615 σύνοδον
1210 1574 1544 1626 συγκροτηθῆναι

94 1640 153 1680 δι’
183 1637 312 1680 αὐτόν
332 1655 343 1665 ·
399 1642 473 1680 καί
500 1637 666 1681 πάντων
711 1640 1097 1692 σκανδαλιζομένων
1126 1641 1225 1693 περὶ
1253 1640 1326 1693 τῆς
1355 1640 1544 1690 πίστεως,

97 1707 208 1754 τίνος
235 1706 368 1747 ἕνεκεν
398 1704 517 1760 ὑμεῖς
549 1707 602 1747 ου’
627 1705 831 1760 βούλεσθε
871 1707 1150 1761 διαλεχθῆναι
1178 1704 1250 1746 καί
1274 1704 1547 1760 πληροφορῆ-

191 1808 250 1842 20.
276 1818 401 1854 φασιν
426 1808 450 1841 Ρ
573 1808 619 1842 22
657 1808 780 1844 αὐτῶν
803 1809 845 1842 P:
873 1819 950 1841 corr
976 1806 1086 1842 Comb

102 1916 244 1962 quidem
269 1927 387 1962 neque
424 1917 486 1949 illa
519 1916 699 1950 adoranda
735 1917 902 1962 scriptum
933 1921 997 1950 est.
1047 1928 1167 1949 verum
1193 1916 1361 1961 quoniam
1388 1914 1431 1946 ab
1459 1926 1547 1958 apo-

101 1964 204 1996 stolis
228 1963 315 1996 haec
341 1966 481 2009 excepit
507 1964 664 2003 ecclesia,
691 1969 807 1997 utrum
827 1965 993 2008 scriptum
1012 1964 1067 1997 vel
1093 1976 1165 1996 non
1193 1966 1362 2007 scriptum
1389 1963 1445 2000 sit,
1474 1973 1548 1994 nou

102 2010 205 2044 decet
229 2011 434 2056 inquirere:
475 2012 575 2055 plura
617 2022 773 2056 namque
808 2012 940 2054 scripto
980 2023 1050 2044 non
1079 2011 1232 2049 tradita,
1259 2022 1349 2055 quae
1378 2009 1546 2041 dicuntur

102 2057 286 2100 dogmata,
315 2070 378 2103 per
402 2060 514 2091 sancti
548 2060 693 2103 spiritus
728 2059 995 2102 inspirationem
1039 2058 1244 2091 successivis
1281 2056 1499 2100 temporibus
1529 2066 1548 2087 a

103 2106 232 2139 sanctis
271 2107 346 2138 eius
381 2106 520 2138 famulis
559 2118 599 2138 ac
623 2106 734 2138 servis
761 2105 922 2138 ordinata
957 2105 1104 2137 ecclesia
1134 2106 1284 2148 excepit.
1335 2104 1388 2136 his
1417 2103 1548 2135 auditis

103 2158 224 2185 contra
252 2153 341 2186 infit.
406 2153 581 2186 “accede”
608 2154 727 2198 inquit
759 2158 820 2185 “et
845 2164 922 2184 cum
947 2153 996 2185 eis
1029 2153 1089 2197 qui
1122 2163 1256 2185 mecum
1283 2163 1353 2184 una
1389 2151 1549 2183 sentiunt

103 2199 256 2232 dissere”
294 2199 505 2245 (Antonium
543 2202 785 2245 Ioannemque
821 2199 1060 2245 insinuabat),
1096 2200 1183 2244 “qui
1223 2204 1334 2232 certas
1364 2203 1399 2231 et
1427 2197 1546 2230 inelu-

103 2246 254 2279 ctabiles
284 2247 319 2279 in
345 2248 524 2280 veteribus
552 2248 651 2280 libris
679 2252 885 2292 repererunt
913 2247 1142 2280 auctoritates
1167 2246 1212 2278 ab
1248 2244 1460 2290 imaginibus
1487 2254 1549 2276 co-

103 2293 222 2326 lendis
249 2305 314 2326 nos
338 2293 592 2328 deterrentes.”
641 2301 723 2339 post
748 2294 835 2327 haec
860 2294 1045 2338 episcopos
1072 2299 1108 2326 et
1132 2295 1285 2326 selectos
1315 2291 1550 2325 monasterio„
1578 2285 1590 2295 ⁸

104 2352 181 2373 rum
205 2342 427 2385 praepositos
452 2343 677 2386 interrogatis
704 2342 779 2375 eius
813 2351 1041 2385 responsuros
1082 2340 1126 2373 ad
1155 2352 1235 2373 eum
1261 2338 1458 2385 patriarcha
1484 2338 1549 2369 mi-

104 2387 163 2420 sit.
214 2388 299 2432 ipsis
327 2387 582 2421 disserentibus
624 2395 659 2422 et
696 2389 882 2421 veritatem
912 2387 1257 2427 demonstrantibus,
1285 2386 1442 2419 instabat
1466 2385 1548 2423 Leo,

106 2440 144 2467 et
168 2439 208 2466 ut
232 2446 312 2467 cum
351 2435 497 2468 adversa
532 2442 633 2481 parte
663 2435 878 2469 dissererent
914 2434 1072 2468 instabat
1097 2434 1352 2471 vehementius.
1405 2443 1551 2476 respon-

106 2481 239 2514 derunt
265 2482 320 2514 iiii
355 2488 520 2516 “sunctae
559 2482 684 2526 synodi
723 2483 904 2515 decretum
942 2487 994 2514 est
1029 2487 1123 2514 recte
1161 2482 1340 2514 declarata
1367 2479 1550 2523 probeque

108 2529 241 2561 sancita
266 2541 340 2562 non
367 2536 534 2574 oportere
559 2531 676 2563 denuo
704 2530 905 2563 examinare
935 2534 995 2562 aut
1017 2529 1188 2562 curiosius
1218 2528 1403 2571 indagare3
1431 2535 1550 2569 neque

107 2577 380 2609 contentionum
407 2577 608 2610 auctoribus
633 2582 670 2610 et
695 2578 806 2620 iurgia
832 2576 1107 2621 requirentibus,
1133 2577 1162 2608 si
1187 2574 1358 2608 obstinati
1385 2582 1551 2617 perseve-

108 2628 199 2661 rant,
225 2622 543 2669 respondendum.''
609 2624 732 2657 dicunt
755 2625 810 2656 ilii
841 2624 966 2655 “Arius
1006 2633 1083 2655 cum
1111 2635 1199 2655 unus
1226 2628 1261 2654 et
1285 2621 1381 2654 sotus
1410 2620 1551 2652 locutus

109 2675 214 2710 essct,
239 2670 412 2714 synodum
439 2675 556 2703 tamen
590 2672 709 2714 colligi
752 2671 890 2713 coegitz
918 2681 1012 2702 nunc
1046 2681 1128 2702 vero
1155 2681 1232 2702 cum
1259 2669 1416 2709 omnium
1442 2666 1550 2699 animi

109 2717 202 2749 circa
231 2717 334 2750 fldem
362 2717 596 2760 offendantur,
619 2719 719 2752 cuius
743 2729 847 2751 causa
873 2727 934 2753 vos
954 2715 1236 2751 dissertationem
1261 2713 1460 2749 habendam
1488 2712 1552 2746 ‹le-

181 2792 253 2828 Leo
283 2793 560 2827 Grammaticus.
758 2822 762 2830 ,
1252 2789 1297 2822 23
