1838 3132
586 122 1074 170 CHRONOGRAPHIA.
1227 126 1230 130 ’
1450 127 1559 174 2737

99 221 172 266 καί
198 223 438 266 ἀπέστειλεν
476 222 520 264 ἑν
548 225 818 282 Mansaove'gaef
884 228 960 269 καί
982 225 1055 270 τὸν
1078 229 1157 281 μὲν
1184 227 1412 271 Βασίλειον
1438 226 1549 272 οὕτω

98 291 170 344 τῆς
196 287 356 337 πόλεως
387 286 593 343 ἐξήγαγεν,
624 288 722 339 τούς
751 292 797 332 δὲ
823 291 995 342 λοιπούς
1021 292 1120 343 τούς
1141 296 1215 350 τῆς
1233 296 1368 338 azimi?
1393 298 1550 350 βουλῆς

94 353 416 409 μετεσχηκότας,
447 354 626 410 Πάρδον
659 357 737 409 μὲν
765 358 1042 413 δρουγγάριον
1069 362 1145 415 τῆς
1173 360 1320 416 βίγλας
1347 361 1547 404 ἀποστέλ-

99 423 162 462 λει
190 420 298 475 πρὸς
327 419 399 462 τὸν
430 422 685 476 Στυπιώτην,
726 423 854 476 δῆθεν
884 423 1054 478 ἀγαγεῖν
1082 425 1227 483 αὐτόν,
1253 428 1585 482 προμηνυθέν-(;

66 493 171 536 5τος
197 488 357 528 ἐκείνου
386 485 458 527 διὰ
495 488 718 539 βασιλικοῦ
754 491 969 530 πιττακιόυ
1010 489 1139 532 αὐτὸν
1167 493 1389 548 δεσμῆσαι.
1445 508 1547 548 προ-

98 550 385 607 φασισάμενος
421 553 467 593 δὲ
504 549 525 592 ὅ
566 551 768 606 βασιλειῖς
809 553 1010 597 ἀπελθεῖν
1037 556 1111 598 καί
1137 559 1357 614 δειπνῆσαι
1386 562 1446 608 εἰς
1472 558 1546 602 τὸν

98 614 217 670 ἅγιον
245 615 449 672 Λάζαρον
481 619 540 667 εἰς
579 617 624 659 τό
657 619 914 673 καταβάσιον
942 623 1020 662 τοῦ
1047 624 1394 680 τζυκανιστηρίου
1423 625 1545 680 ἔστη-
1560 643 1605 677 79

95 699 169 724 σεν
190 678 388 738 Ἰωάννην
426 685 619 738 Γαριὸᾶν
656 684 762 738 μετὰ
795 689 874 728 τῶν
905 690 1063 730 λοιπῶν
1102 692 1175 743 τῆς
1203 688 1394 745 ἑταιρίας
1421 695 1464 734 ἐν
1491 695 1548 750 τῷ

96 749 398 807 κουβουκλείῳ*
473 749 547 791 καί
582 752 626 793 ἐν
669 754 729 809 τῷ
775 755 1055 807 κατέρχεσθαι
1082 754 1156 796 τόν
1184 759 1363 809 βασιλέα
1393 757 1545 813 κρατή·
1557 768 1604 802 80

41 822 84 856 10
95 831 223 858 σαντα
249 814 352 868 μετὰ
377 810 571 858 Ἰωάννου
595 818 805 861 Νικόλαον
832 815 1112 876 ἑταιριάρχην
1140 820 1336 877 ἐξήγαγεν
1364 824 1440 879 τῆς
1466 822 1547 864 πό-

93 885 209 930 λεως.
266 880 435 936 α’γαγαὶν
475 884 523 924 δὲ
567 881 613 925 ἐκ
651 884 921 934 Μακεδονίας
956 889 1182 928 Βασίλειον
1222 888 1294 930 καί
1320 888 1547 943 ἀνακρίνας

93 949 167 989 καί
193 947 344 1002 τύψας,
370 949 445 990 καί
469 946 545 998 τὰς
574 953 726 1004 τρίχας
755 946 888 991 αὐτοῦ
915 950 1196 1007 κατακαύσας,
1222 956 1296 996 καί
1322 955 1367 996 ἐν
1393 957 1444 1012 τῇ
1471 958 1546 1008 με’..

93 1029 145 1070 σῃ
173 1012 478 1069 θριαμβεύσας,
506 1016 703 1069 ἐξώρισεν
730 1017 775 1057 ἑν
816 1014 1029 1072 Ἀθήναις,
1058 1016 1132 1059 καί
1155 1021 1291 1068 κακῶς
1319 1021 1452 1061 ἐκεῖσε
1479 1035 1544 1062 τε-

92 1080 345 1135 τελεύτηκεν.
419 1079 620 1132 ὡσαύτως
652 1080 858 1125 Νικόλαον
897 1081 1172 1139 ἔταιριάρχην
1212 1084 1288 1126 καί
1313 1083 1546 1128 Στυλιανόν

39 1155 81 1188 15
93 1147 167 1187 καί
195 1145 384 1202 Ἰωάννην
410 1148 484 1189 καί
507 1147 585 1203 τήν
611 1151 851 1202 συγγένειαν
881 1152 1019 1192 πᾶσαν
1060 1148 1258 1203 Ζαούτζα
1276 1187 1287 1207 ,
1329 1150 1426 1201 τούς
1464 1155 1585 1206 μὲνι)

92 1212 311 1268 οἷπὲκειρεν
341 1212 441 1262 τούς
487 1216 534 1256 δὲ
574 1215 794 1269 ἐξώρισεν,
837 1215 1063 1270 δημεύσας>
1090 1215 1168 1266 τοὶς
1208 1218 1356 1267 οὐσίας
1384 1219 1540 1260 αὐτῶν.

91 1276 251 1328 πάντας
278 1280 326 1321 δὲ
363 1281 618 1334 μαγίστρους
656 1283 729 1322 καί
756 1280 856 1331 τούς
894 1284 939 1324 ὲν
965 1285 1076 1324 τέλει
1104 1286 1492 1338 προσκαλεσάμενος
1521 1285 1545 1325 ὅ

91 1345 290 1398 βασιλεὺς
315 1346 474 1401 ἀνέγνω
501 1344 754 1388 κατενώπιον
784 1349 926 1389 αὐτῶν
963 1346 1014 1390 τὰ
1042 1351 1283 1403 μηνυθέντα
1311 1350 1424 1405 παρὰ
1457 1353 1547 1392 Σα-

92 1412 225 1465 μωνᾶ.
283 1411 323 1453 οἱ
351 1413 399 1454 δὲ
427 1413 573 1454 τοῦτον
594 1410 902 1469 ὑπερεπῄνεσαν
927 1410 984 1462 ὥς
999 1415 1073 1470 τῆς
1099 1416 1208 1469 ζωῆς
1235 1417 1311 1456 τοῦ
1336 1419 1545 1469 βασιλέως

34 1485 81 1520 20
94 1475 421 1533 προνοούμενον,
458 1478 531 1520 καί
559 1475 778 1532 εἰρήκασιν
815 1474 931 1529 ἄξιον
958 1475 1066 1521 εἶναι
1102 1482 1226 1534 τιμῆς
1252 1482 1464 1538 μεγίστης.
1521 1481 1544 1523 ὅ

93 1546 141 1586 δὲ
168 1542 364 1596 παρευθὺ
394 1545 543 1586 τοῦτον
573 1547 959 1599 πρωτοσπαθαρίου
987 1546 1082 1604 α’ξίᾳ
1112 1547 1335 1601 τετίμηκεν.

197 1610 483 1666 Ἐτελεύτησεν
513 1611 560 1652 δὲ
588 1613 804 1666 Στέφανος
845 1607 867 1652 ὃ
899 1609 1163 1667 πατριάρχης
1193 1615 1262 1654 καί
1288 1614 1375 1655 ἄντ’
1409 1613 1544 1656 αὐτοῦ

90 1677 385 1733 ἐχειροτονήθη
420 1676 630 1726 Νικόλαος
664 1676 686 1718 ὅ
718 1675 1004 1734 πατριάρχης,
1034 1676 1231 1732 μυστικὸς
1265 1674 1324 1722 ὢν
1355 1681 1431 1722 τοῦ
1460 1685 1539 1736 βα-
1552 1694 1596 1728 81

94 1857 179 1890 Zoes
204 1858 341 1890 animae
366 1858 539 1896 levamen,
566 1857 667 1890 velut
691 1856 807 1901 legata
835 1856 995 1897 tradidit,
1034 1861 1071 1890 et
1095 1856 1133 1890 in
1158 1856 1405 1891 Macedoniam
1431 1859 1539 1893 dimi-

93 1906 154 1937 sit.
203 1910 240 1938 et
263 1903 432 1938 Basilium
459 1903 606 1950 quidem
633 1904 700 1937 hoc
718 1910 824 1949 pacto
847 1904 933 1936 urbe
959 1903 1132 1937 detrusit:
1160 1905 1317 1950 reliquos
1345 1917 1427 1938 vero
1453 1918 1540 1940 con-

94 1950 279 1984 iurationis
309 1957 504 1992 consortes,
533 1951 681 1983 Pardum
709 1951 852 1996 quidem
889 1950 1116 1984 excubiarum
1143 1951 1370 1996 drungarium
1396 1950 1440 1985 'ad
1466 1953 1539 1986 Sti-

92 1999 230 2043 piotem
253 1999 352 2044 quasi
378 2010 458 2031 eum
487 1997 532 2031 ad
556 2009 594 2032 se
622 2003 826 2031 vocaturum
853 1997 1078 2031 amandavit:
1108 1999 1136 2031 is
1161 2004 1279 2032 tamen
1296 2005 1335 2032 ut
1357 2011 1435 2033 eum
1457 2001 1538 2034 vin-

93 2045 183 2078 culis
207 2052 387 2079 coerceret
411 2057 474 2091 per
500 2046 746 2090 imperatorias
774 2045 908 2078 litteras
937 2045 1032 2090 prius
1066 2045 1221 2079 monitus
1249 2047 1376 2079 fuerat.
1426 2047 1538 2080 simu-

93 2092 170 2125 lans
197 2094 300 2125 etiam
325 2093 518 2138 imperator
558 2093 653 2125 foras
679 2092 854 2138 proficisci
895 2097 931 2124 et
955 2092 997 2124 ad
1023 2091 1055 2124 S.
1087 2092 1256 2126 Lazarum
1291 2099 1537 2134 coenaturum,

92 2140 139 2171 ad
164 2140 297 2184 equilis
335 2139 542 2173 descensum
577 2140 747 2173 Ioannem
789 2138 955 2172 Garidam
981 2150 1059 2171 cum
1094 2139 1243 2185 reliquis
1270 2141 1536 2174 confoederatis

92 2185 248 2220 detinuit
271 2187 308 2220 in
333 2187 523 2229 cubiculo;
549 2198 699 2232 cumque
734 2187 926 2231 imperator
951 2187 1120 2219 loannem
1146 2185 1313 2221 detinens
1337 2188 1537 2221 descende-

32 2251 34 2253 *
92 2239 158 2274 ret,
185 2233 370 2266 Nicolaum
395 2234 676 2268 hetaeriarcham
709 2233 796 2266 urbe
813 2233 946 2265 eduxit.
995 2233 1162 2266 Basilium
1187 2245 1294 2279 porro
1320 2246 1338 2268 e
1365 2235 1536 2268 Macedo-

90 2281 150 2313 nia
180 2286 380 2313 revocatum
406 2287 443 2314 et
468 2281 514 2314 de
538 2282 684 2314 crimine
710 2280 920 2326 inquisitum
940 2279 1146 2313 verberibus
1171 2281 1337 2322 subiecit,
1364 2287 1400 2315 et
1424 2282 1535 2315 crini-

87 2327 156 2407 ξας
192 2328 273 2362 eius
304 2328 481 2362 succensis
517 2340 579 2374 per
604 2327 756 2361 mediam
794 2327 917 2360 urbem
952 2327 1149 2361 traductum
1176 2328 1334 2362 Athenas
1364 2330 1534 2373 relegavit

110 2374 241 2414 xulem,
268 2373 330 2407 ubi
356 2375 482 2408 misere
507 2375 624 2421 periit.
672 2374 859 2408 Nicolaum
887 2375 1018 2420 pariter
1043 2373 1322 2408 hetaeriarcham
1351 2382 1387 2409 et
1403 2377 1534 2419 Stylia-

87 2432 173 2454 num
198 2426 234 2453 et
258 2421 426 2455 Ioannem
454 2427 491 2455 et
516 2423 665 2455 Zautzae
700 2433 811 2466 genus
835 2432 938 2454 omne
975 2420 1041 2455 hos
1067 2420 1211 2466 quidem
1240 2422 1416 2463 ‹letondit,
1443 2423 1533 2456 alios

86 2467 279 2513 publicatis
304 2479 426 2502 eorum
451 2468 683 2502 facultatibus
715 2470 753 2502 in
787 2469 931 2501 exilium
963 2469 1113 2514 expulit.
1139 2470 1314 2514 magistris
1333 2480 1415 2502 vero
1441 2480 1535 2503 cun-

86 2516 226 2560 ctisque
252 2515 290 2548 in
322 2515 495 2559 dignitate
522 2517 646 2561 positis
679 2515 724 2549 ab
753 2517 965 2561 imperatore
995 2515 1190 2557 advocatis,
1216 2527 1309 2562 quae
1335 2527 1354 2548 a
1380 2517 1534 2549 Samona

87 2562 283 2606 significata
310 2562 463 2602 fuerant,
491 2568 617 2596 cuncta
643 2563 824 2608 perelecta
851 2568 943 2596 sunt.
994 2562 1050 2595 illi
1075 2563 1186 2596 virum
1210 2564 1310 2597 velut
1338 2563 1532 2608 imperato-

88 2610 134 2641 ris
169 2609 264 2642 vitae
289 2609 535 2653 providentem
572 2611 805 2655 maximisque
834 2609 1028 2643 honoribus
1065 2609 1209 2654 (lignum
1231 2612 1531 2654 pronuntiarunt:

87 2666 198 2700 quare
222 2655 502 2701 protospatharii
531 2656 705 2702 dignitate
730 2656 917 2690 confestim
940 2655 1148 2690 honoratur.

178 2703 341 2736 Mortuus
369 2709 423 2737 est
447 2708 566 2738 autem
593 2703 793 2751 Stephanus
819 2702 1030 2750 patriarcha,
1053 2708 1090 2738 et
1115 2704 1152 2738 in
1176 2703 1254 2737 eius
1282 2702 1400 2737 locum
1423 2703 1532 2737 Nico-

161 2777 231 2813 Leo
259 2778 535 2830 Grammaticus.
1237 2775 1281 2810 18
