1838 3132
613 110 1103 159 CHRONOGRAPHlAq
1126 125 1138 177 s
1471 105 1566 151 287

230 208 317 252 Ἐπὶ
342 210 491 252 τούτου
521 208 658 266 ἐφάνη
689 209 823 266 οἶστὴρ
856 211 1038 268 κομήτης
1066 212 1110 254 ἐκ
1126 207 1286 259 δύσεως
1315 207 1386 252 ἐπὶ
1412 205 1568 264 ἡμέρας

121 278 365 328 δεκαπέντε,
398 273 446 318 ὃν
472 274 610 330 ἔλεγον
638 277 781 333 ξιφιάν
811 280 1033 320 καλεῖσθαι
1062 276 1135 320 καί
1166 274 1496 331 αἱματεκχυσιάν
1523 277 1568 319 ἐν

121 343 172 400 τῇ
197 342 316 384 πόλει
341 343 618 398 ἐργάσασθαι.
1353 385 1356 388 ⁴

234 403 368 457 Οὗτος
396 406 564 459 πλάνοις
607 408 679 451 καί
704 407 844 463 γόησιν
882 406 1032 451 ἑαυτὸν
1060 410 1236 460 ἐξέδοτο,
1267 407 1309 450 οἲ
1329 409 1401 451 καὶ
1427 410 1571 450 πεπεί-

88 480 244 516 5κασιν
273 473 400 517 αὐτὸν
439 472 496 524 ὥς
532 473 579 517 τὸ
609 475 685 517 τοῦ
713 476 900 531 συάγρου
938 481 1148 530 στοιχεῖον
1183 474 1229 518 τὸ
1261 476 1306 518 ἐν
1333 478 1390 534 τῷ
1418 472 1628 532 ἱππικῷῡέι

121 543 194 583 σοι’
217 542 290 582 καί
316 545 370 599 τῇ
407 543 461 597 σῇ
505 542 589 598 ζωῇ
632 541 985 597 προσανάκειται,
1025 540 1242 597 χοιρόβιον
1281 541 1354 585 τὸν
1397 539 1571 597 οῖνόητον

121 605 465 663 ὖπεμφαίνοντες.
521 606 543 648 ὅ
579 609 626 650 δὲ
664 607 825 657 τούτοις
866 606 1097 663 ἀπατηθείς
1126 609 1268 650 αἰδοῖα
1298 610 1372 650 καί
1399 605 1574 656 ὀδόντας

122 675 178 730 τῷ
206 673 334 730 χοίρῳ
365 676 700 727 προσανενὲωσεν
728 673 786 722 αἱς
817 676 1089 727 λειπομένους
1135 676 1263 731 αὐτῷ.
1321 674 1392 716 καὶ
1418 677 1467 732 τῇ
1495 675 1572 716 av’-

121 741 199 781 ποῦ’
227 739 359 796 πλάνῃ
388 739 599 788 πεποιθώς
627 736 697 796 α’ίν,
728 739 897 782 ἱππικὸν
925 741 1104 795 ποιήσας
1133 739 1208 790 τοὶς
1235 742 1316 783 τῶν
1335 742 1572 796 -ἒκκλησιῶν

68 816 110 851 10
122 803 297 854 ἐνδυτοὶς
326 806 398 846 καί
430 805 720 862 πολυκάνδηλα
750 801 856 861 ἄρας
886 804 931 848 τὸ
961 805 1129 848 ἱππικὸν
1158 807 1364 850 ἐστόλισεν
1389 808 1461 849 καί
1487 812 1570 856 τοῖς
1586 810 1707 845 P.488

122 869 272 922 ζώὸοις
311 873 538 927 φωταψιάν
576 874 780 928 ἐποίησεν.
847 871 917 914 διὰ
966 874 1089 915 τοῦτο
1132 867 1245 929 ἤρθη
1275 874 1348 915 a'n’
1377 873 1513 916 αύτοῦ
1543 873 1570 928 ἧ

119 940 198 980 τοῦ
239 939 346 978 θεοῦ
393 941 513 994 χείρ,
561 936 617 989 ὥς
664 937 738 994 την
783 940 860 981 τοῦ
909 942 1017 981 θεοῦ
1069 938 1192 997 τιμὴν
1247 944 1334 989 τοῖς
1382 939 1572 988 εἰδώλοις

119 1003 428 1058 προσάψαντας.
491 1004 673 1061 Ἶμεριόυ
725 1006 772 1047 δὲ
810 1007 1033 1060 λογοθέτου
1073 1007 1118 1047 ἐκ
1157 1006 1230 1060 τῆς
1260 1008 1351 1048 τῶν
1386 1005 1573 1062 Ἀγαρη-

119 1071 202 1112 νῶν
247 1067 372 1125 ἥττης
416 1072 780 1126 ὖποστρέψαντος,
837 1070 1088 1121 α’ποστείλας
1130 1073 1402 1127 Ἀλέξανδρος
1450 1088 1573 1127 περι-

65 1142 108 1176 15
121 1137 272 1190 ὥρισεν
319 1137 363 1179 ἐν
409 1138 460 1194 τῇ
505 1139 614 1195 μονῇ
661 1140 735 1179 τοῦ
779 1132 984 1180 παλατίου
1033 1139 1088 1195 τῇ
1134 1139 1330 1196 λεγομένῃ
1381 1141 1574 1192 Kaunoi,

119 1203 348 1257 ἀπειλήσας
387 1200 443 1252 αἷς
483 1202 641 1259 ἐχθρὸν
672 1203 805 1245 adro&
844 1199 942 1247 ὄντα
982 1205 1053 1246 ἐπὶ
1093 1206 1170 1246 τοῦ
1207 1206 1397 1261 α’δελφοῦ
1437 1206 1575 1247 αὐτοῦ
1623 1225 1626 1228 ·

119 1270 332 1318 Λέοντος·
413 1268 435 1310 ὅ
477 1271 523 1311 δὲ
565 1272 611 1312 ἐκ
652 1268 842 1322 θλίψεως
889 1271 1040 1324 πολλῆς
1086 1269 1388 1327 ἀρρωστήσας,
1426 1287 1574 1327 περιο-

121 1332 346 1388 ρισὰμενος
387 1329 445 1376 ὢν
487 1336 558 1377 ἒπί
593 1337 727 1390 μῆνας
767 1337 830 1388 ἔξ,
879 1336 1152 1390 ἐτελεύτησεν.
1239 1336 1481 1379 ἀπέστειλεν
1526 1339 1574 1379 δὲ

122 1399 296 1452 Συμεών
326 1398 347 1441 ὃ
379 1395 524 1455 ἅρχων
551 1402 818 1456 Βουλγαριάς
838 1400 1008 1457 μηνύων
1028 1400 1289 1460 Ἀλεξάνδρῳ
1312 1400 1362 1445 τὰ
1386 1404 1484 1458 περὶ
1511 1406 1571 1446 εῖ-

63 1465 262 1522 2ορἦνης.
317 1465 492 1520 Συμεών
531 1466 866 1523 παρεσκευάζετο
911 1469 1077 1522 κινῆσαι
1115 1467 1217 1510 κατά
1249 1469 1331 1511 τῶν
1361 1472 1626 1524 >symma-94

121 1536 203 1575 νῶν
232 1530 357 1574 ὅπλα.
406 1533 680 1586 Ἀλέξανδρος
720 1535 766 1576 δὲ
803 1534 825 1574 ὅ
853 1532 1052 1587 βασιλεύς
1090 1535 1319 1590 α’ριστήσας
1347 1537 1421 1578 καί
1448 1537 1605 1578 olm-B

119 1603 212 1648 θείς
239 1602 283 1642 ἐν
328 1604 413 1647 τοῖς
451 1597 533 1641 ὖπό
572 1599 676 1642 κύνα
717 1599 904 1653 καύμασι
943 1598 1150 1656 κατῆλθεν
1192 1601 1434 1658 σφαιρίσαι.
1498 1604 1572 1646 καὶ

119 1665 310 1723 ῥομφαίᾳ
341 1663 531 1724 θεηλάτῳ
565 1668 732 1723 πληγείς
761 1668 834 1709 καί
870 1667 1076 1720 ἀνελθών,
1110 1669 1283 1721 αἵματος
1315 1670 1361 1711 ἐκ
1388 1669 1472 1711 τῶν
1501 1667 1571 1726 ῥι-

214 1842 296 1876 Eius
321 1848 482 1888 tempore
508 1845 676 1890 apparuit
708 1851 863 1878 cometes
891 1857 955 1891 per
983 1845 1059 1879 dies
1086 1845 1291 1891 quindecim
1318 1847 1365 1880 ad
1391 1848 1568 1882 Occiden-

120 1895 214 1932 tem,
238 1901 344 1936 quem
369 1891 530 1937 xiphiam
555 1894 673 1926 vocari
699 1893 867 1926 dicebant
884 1917 894 1934 ,
919 1898 956 1927 et
979 1894 1160 1938 sanguinis
1182 1895 1391 1928 effusionem
1415 1896 1453 1928 in
1481 1897 1567 1930 urbe

119 1938 347 1983 portendere.

211 1985 279 2018 Hic
307 1984 493 2018 erronibus
522 1990 558 2018 et
583 1986 914 2030 praestigiatoribus
931 1998 967 2020 se
993 1992 1107 2021 totum
1125 1987 1237 2030 dedit,
1267 1990 1328 2035 qui
1356 1989 1461 2023 etiam
1485 2001 1567 2023 sua-

120 2037 243 2064 serunt
275 2033 376 2078 “apri
412 2031 522 2065 fatum
558 2033 631 2066 sive
665 2034 802 2078 signum
830 2034 927 2078 quod
961 2035 997 2067 in
1023 2037 1114 2069 circo
1141 2042 1299 2070 erectum
1327 2043 1392 2078 est,
1418 2036 1486 2070 tibi
1513 2038 1566 2069 vi-

119 2084 250 2124 taeque
270 2084 351 2112 tuae
380 2080 572 2125 repositum
598 2082 683 2121 est‚”
712 2082 810 2126 porci
835 2082 944 2114 vitam
978 2089 1153 2116 amentem
1182 2084 1282 2117 illum
1310 2095 1413 2128 agere
1437 2083 1565 2117 subin-

120 2125 291 2159 dicantes.
352 2126 407 2158 his
432 2127 494 2160 ille
531 2127 699 2161 seductus
722 2127 891 2173 pudenda
917 2129 1114 2176 dentesque
1141 2142 1250 2175 porco
1277 2133 1379 2177 quasi
1406 2131 1474 2165 sibi
1501 2131 1566 2165 de-

120 2172 278 2206 ficientia
302 2176 462 2207 renovari
489 2175 604 2208 iussit.
657 2174 783 2208 eodem
808 2177 912 2208 etiam
940 2187 1127 2220 persuasus
1157 2189 1288 2218 errore,
1318 2180 1475 2225 equestri
1503 2190 1563 2211 ce-

121 2219 258 2253 lebrato
287 2222 498 2262 certamine,
524 2223 674 2267 prolatis
704 2223 874 2256 ecclesiae
915 2223 1087 2266 vestibus,
1111 2225 1366 2272 productisque
1396 2226 1565 2259 candela-

119 2265 192 2299 bris
218 2267 402 2300 multifidis
431 2268 536 2302 ludos
565 2270 750 2303 exornavit
778 2276 814 2303 et
850 2270 1021 2303 luminum
1047 2271 1238 2316 splendore
1266 2274 1433 2306 animalia
1458 2273 1566 2306 deco-

119 2314 221 2346 ravit.
284 2324 360 2347 eam
400 2315 445 2348 ob
472 2328 543 2349 rem
569 2315 628 2349 dei
664 2328 789 2350 manus
815 2318 998 2351 auxiliaris
1023 2318 1068 2350 ab
1093 2330 1136 2352 eo
1167 2326 1302 2353 remota
1327 2326 1391 2361 est,
1418 2321 1478 2366 qui
1507 2320 1566 2353 dei

118 2360 290 2394 honorem
316 2361 421 2395 idolis
448 2363 594 2397 adolere
627 2375 701 2398 non
726 2370 780 2398 est
807 2366 955 2397 veritus.
1016 2365 1213 2399 Himerium
1238 2379 1320 2400 vero
1346 2367 1566 2411 logothetam

118 2419 139 2440 a
162 2407 264 2442 clade
289 2420 394 2454 quam
431 2409 475 2442 ab
501 2412 668 2454 Agarenis
697 2412 895 2458 pertulerat
923 2411 1145 2454 redeuntem,
1180 2415 1288 2447 misso
1313 2415 1453 2455 nuntio,
1478 2415 1566 2448 Ale-

117 2455 252 2488 xander
277 2456 313 2488 in
340 2456 463 2501 palatii
489 2459 755 2499 monasterium,
782 2460 912 2504 Campa
937 2459 1084 2501 dictum,
1110 2461 1207 2495 velut
1229 2461 1369 2495 hostem
1401 2474 1419 2494 a
1445 2462 1564 2496 fratris

117 2503 172 2535 sui
202 2503 332 2536 Leonis
371 2508 532 2549 tempore
572 2505 642 2539 sibi
666 2506 844 2540 infensum
871 2506 1019 2540 adiectis
1061 2508 1167 2541 minis
1194 2510 1334 2542 exulem
1364 2509 1448 2553 egit.
1499 2509 1563 2542 ille

117 2550 289 2583 societate
317 2549 500 2584 hominum
526 2553 736 2587 interdictus
762 2565 977 2600 permenses
1002 2566 1063 2588 sex
1080 2567 1121 2588 ex
1149 2557 1259 2589 nirnio
1285 2567 1442 2589 maerore
1466 2566 1564 2590 mor-

117 2595 164 2628 bo
201 2603 384 2641 correptus
418 2599 565 2633 interiit.
616 2601 760 2635 Simeon
799 2607 915 2634 autem
958 2602 1140 2645 Bulguriae
1184 2605 1349 2648 princeps
1376 2604 1491 2636 missis
1517 2603 1563 2636 ad

118 2644 356 2677 Alexandrum
385 2647 520 2679 nuntiis
558 2646 603 2680 de
641 2659 728 2693 pace
770 2654 956 2682 tractatum
994 2648 1134 2683 habuit.
1208 2651 1351 2684 Simeon
1394 2650 1561 2684 adversus

118 2690 338 2725 Christianos
364 2703 457 2726 arma
483 2706 623 2729 movere
650 2695 812 2741 parabat‚
872 2696 1074 2730 Alexander
1100 2698 1295 2742 imperator
1322 2697 1414 2732 hene
1439 2705 1560 2745 pastus
