1838 3132
294 145 391 195 408
847 149 1177 190 EUSTATfflUs

288 251 657 308 τηρὸνΒασι’λειον,
687 244 821 302 ἄνδρα
840 247 999 301 θερμὸν
1028 249 1099 289 καί
1125 242 1208 288 οἷον
1235 249 1476 297 καθομιλεῖν
1504 245 1602 295 τούς
1633 259 1720 285 και-

286 317 388 370 ροιῖς
417 315 472 365 ὦς
510 315 553 358 τὸ
583 317 681 369 παρ’
719 310 832 370 αὖτῷ
858 312 1110 367 βουλόμενον
1137 312 1315 366 ἔκρινεν,
1358 308 1402 359 ὃς
1432 313 1507 353 τοῦ
1536 311 1718 364 μεγάλου

287 384 515 425 Θεοδοσίου
559 383 632 434 τῆς
673 378 796 435 φίλης
828 377 1152 433 καθαρειότητος
1186 378 1404 431 γενομένου
1445 378 1719 431 ἀντεισῆκται,

287 447 334 490 ὃν
367 447 388 488 ὅ
413 446 679 500 Ἀνδρόνικος
708 442 835 500 ἤθελε
862 444 935 487 καί
967 443 1236 499 (ἀνακάμψαι
1271 442 1346 497 τὴν
1377 439 1552 498 φράσιν)
1582 439 1625 492 ὃς
1650 441 1720 484 τὸν

280 513 540 565 Ἀνδρόνικον
567 508 736 567 ἤθελεν,
765 512 809 552 ἓν
835 514 959 563 μένος
999 505 1112 551 οὗτοι
1138 512 1325 558 πνέοντες
1351 508 1423 550 καί
1447 504 1752 551 οἷον’δι”>ἰῖλ-5

282 577 417 632 λὴλων
463 575 628 632 ἥκοντες
667 575 768 619 κατά
795 593 888 618 τινα
931 572 1122 630 σύντηξιν
1152 571 1311 630 ἤθους,
1341 574 1720 627 καί-ταυτιζόμενοι

282 651 373 692 ταῖς
415 639 473 685 ὧν
522 642 719 697 ἔπραττον
758 641 987 696 αἱρέσεσιν,
1027 667 1080 675 —-
1111 638 1217 683 οὕτω
1247 641 1297 695 δὴ
1329 637 1404 683 οὖν
1431 639 1721 695 προσειληφώς

283 713 354 751 καί
380 713 526 751 τοῦτον
557 709 576 750 ὁ
607 712 688 750 ταῖν
718 707 892 764 φαύλων
920 709 1141 763 ῥινηλάτης
1169 711 1383 762 λογοθέτες
1409 707 1547 761 (τοῦτο’
1565 721 1608 768 τε
1626 707 1717 762 ’γὰρ

282 775 457 830 ἐτιμήθη
496 775 568 816 καί
594 774 638 816 τὸ
670 774 872 827 σεβαστός
898 778 1128 829 κληθῆναι,
1159 774 1207 814 οὗ
1235 773 1369 828 δήπου
1401 776 1474 816 καί
1495 769 1552 816 ὢν
1580 774 1718 815 τοιοῦ·

281 858 349 890 τος
386 841 485 896 πρὸς
513 843 728 896 πρᾶγμα),
758 837 901 894 ἥκουσι
931 839 1044 894 παρά
1084 839 1153 881 τὸν
1177 838 1434 894 Ἀνδρόνικον
1461 838 1535 894 τῆν
1562 848 1717 892 τυραν-
1732 852 1778 888 10

280 910 374 948 m'da
401 907 777 961 χοροβατήσαντες,
810 905 923 947 δεινοὶ
960 911 1092 947 ποιεῖν
1118 907 1270 948 ἐκεῖνον
1297 907 1602 959 λογοποιοῦντες
1631 922 1718 947 κοι-

280 974 330 1029 νῇ
358 972 414 1022 ὥς
441 974 485 1014 ἐν
514 972 789 1026 ἐπικλήματος
812 972 934 1028 λόγῳ,
964 973 1004 1012 εἰ
1026 970 1124 1021 τούς
1145 974 1260 1028 αὐτῷ
1285 966 1580 1020 πιστευθέντας
1606 969 1719 1025 παρὰ

278 1039 383 1079 θεοῦ
411 1037 657 1091 περιόψεται
685 1037 919 1090 ὀλομένους,
948 1038 1018 1078 καί
1046 1038 1095 1078 οὐ
1121 1037 1249 1089 μόνον
1278 1036 1397 1079 πόλιν
1423 1039 1576 1092 ταύτην
1602 1041 1719 1092 μεγί-

279 1120 392 1159 στην,
426 1100 533 1144 ἀλλὰ
564 1105 637 1144 καί
663 1099 767 1144 ὅσων
794 1105 935 1156 μερῶν
965 1103 1070 1157 αὐτὴ
1102 1101 1243 1157 ἔχεται
1275 1106 1378 1158 πρός
1406 1119 1450 1145 τε
1483 1101 1599 1157 ἥλιον
1632 1104 1720 1145 α’νί-

280 1185 432 1222 σχοντα
460 1169 532 1210 καί
558 1167 663 1222 πρὸς
691 1167 855 1221 δυσμὰς
887 1171 958 1209 καί
985 1165 1064 1210 ὅσα
1093 1169 1229 1210 λοιπά.
1287 1171 1359 1210 καί
1391 1171 1617 1221 ἐσέμνυναν
1642 1172 1720 1222 μὲν
1733 1183 1777 1216 15

282 1234 355 1276 τὸν
382 1236 533 1289 μικρὸν
571 1237 748 1287 βασιλέα
786 1232 886 1275 κατά
916 1249 961 1287 γε
989 1232 1034 1274 τὸ
1065 1231 1192 1288 φύσει
1220 1233 1358 1288 καλόν,
1386 1233 1493 1288 πρὸς
1524 1236 1577 1276 δὲ’
1599 1250 1645 1288 γε
1671 1233 1718 1276 .τὸ

284 1300 421 1355 παρὸν
464 1302 587 1342 ου’δὲν
630 1298 745 1354 ἱερὸν
787 1297 915 1340 αὐτὸν
951 1297 1134 1355 ἔφασκον
1161 1295 1289 1355 εἶναι,
1317 1299 1390 1341 καί
1419 1301 1722 1354 ἀπεδοκίμαζον

283 1364 563 1420 μονούμενον,
606 1367 679 1407 καί
705 1368 966 1421 ,προέπιπτον
1006 1361 1117 1423 αὗτῷ
1146 1368 1228 1407 τῶν
1251 1367 1388 1408 ποδῶν
1430 1364 1469 1407 οἱ
1495 1365 1569 1421 τὴν
1599 1369 1723 1408 κολα·

282 1436 398 1475 κειάν
438 1433 720 1487 περιττότεροι
763 1433 987 1486 πεισθῆναι
1029 1432 1087 1480 εἰς
1126 1434 1341 1485 βασιλείαν
1385 1431 1566 1475 καὶτῶν
1591 1432 1722 1486 αὐτῆς

285 1497 411 1552 ἠνίων
440 1498 838 1553 συνεπιδράξασθαι,
865 1495 923 1551 μὴ
954 1497 1025 1538 καί
1053 1497 1326 1550 >carthusi-901¹
1359 1495 1380 1539 ὃ
1411 1499 1573 1547 νεανίας
1601 1492 1780 1548 οὗτοςρο

287 1567 482 1617 Φαέθων,
511 1563 690 1619 ἀτέχνως
713 1563 757 1605 τὸ
788 1560 904 1619 ἅρμα
928 1564 997 1619 τῆς
1029 1565 1162 1617 α’ρχῆς
1190 1565 1486 1619 χειριζόμενος,
1515 1567 1648 1615 κακῶς
1675 1563 1721 1607 τὸ

287 1631 368 1671 πᾶν
397 1629 655 1685 διαθήσεται.
691 1627 758 1671 ὅτε
788 1632 833 1672 δὲ
863 1632 934 1671 καί
955 1632 1036 1672 τῶν
1065 1631 1202 1671 ποδῶν
1230 1631 1503 1685 ἀπαλλαγεῖεν
1528 1631 1603 1672 τοῦ
1630 1631 1721 1675 ’flv-

292 1812 399 1845 factio
427 1818 580 1853 senatus,
610 1818 648 1846 ut
673 1812 834 1853 diximus,
862 1814 991 1847 eximie
1022 1820 1143 1859 parata
1168 1814 1211 1847 ad
1238 1815 1334 1847 illius
1362 1815 1550 1861 furorem),
1579 1822 1615 1850 et
1639 1829 1723 1851 vero

290 1859 430 1904 perdita
462 1859 577 1904 plebis
608 1861 742 1904 capita,
778 1866 959 1904 praeterea
996 1862 1057 1907 qui
1093 1867 1167 1894 tum
1206 1861 1403 1906 patriarcha
1440 1868 1535 1903 erat,
1569 1867 1723 1911 nequam

291 1907 474 1945 Bauium,
503 1906 626 1939 fervidi
665 1908 798 1949 ingenii
822 1909 934 1940 virum
969 1914 1004 1940 et
1027 1908 1155 1941 factum
1181 1908 1226 1940 ad
1251 1909 1403 1953 regenda
1431 1914 1604 1954 tempora,
1630 1912 1724 1946 sicut

293 1954 360 1998 ipsi
384 1953 563 1997 placeret,
599 1953 660 1997 qui
704 1954 740 1986 in
779 1954 894 1986 locum
931 1955 1048 1999 magni
1082 1954 1276 1989 Theodosii
1314 1956 1350 1987 in
1377 1955 1515 1989 beatam
1539 1958 1629 1991 coeli
1654 1971 1722 2004 pu-

294 2001 434 2032 ritatem
478 2001 609 2043 recepti
655 2006 837 2043 promotus
870 2007 965 2042 erat,
1007 2003 1185 2047 expetitus
1222 2003 1265 2034 ab
1309 2002 1536 2050 Agidi-onim,
1574 2010 1610 2037 et
1645 2006 1724 2051 ipse

293 2047 443 2080 invicem
471 2045 708 2078 Andronicum
736 2052 926 2092 expetens,
967 2060 1071 2081 unam
1097 2050 1153 2082 illi
1186 2050 1336 2081 animam
1362 2050 1536 2094 spirantes
1561 2057 1598 2084 et
1622 2053 1722 2097 quasi

294 2092 437 2127 conflati
462 2093 595 2136 ingenii
621 2092 772 2137 quadam
801 2094 1047 2136 similitudine,
1079 2096 1356 2130 et.c0nsi1iorum
1375 2098 1621 2131 communione
1638 2110 1725 2132 con-

295 2139 442 2181 cordes,
469 2158 515 2166 —-
544 2140 707 2173 assumsit
739 2140 846 2184 igitur
881 2140 975 2174 hune
1009 2153 1152 2188 quoque
1190 2141 1409 2188 perditorum
1444 2143 1629 2178 hominum
1664 2147 1723 2179 in-

295 2186 442 2230 dagator
473 2185 655 2234 logotheta
695 2188 752 2230 (eo
784 2188 877 2220 enim
911 2188 1048 2222 honore
1083 2194 1224 2222 ornatus
1254 2194 1329 2222 erat
1353 2195 1389 2222 et
1411 2190 1542 2224 sebasti
1568 2192 1725 2234 nomine,

295 2234 442 2267 minime
470 2243 511 2266 eo
536 2233 662 2276 dignus
686 2234 865 2278 nomine),
888 2234 1092 2281 adeuntque
1121 2237 1237 2269 cuncti
1261 2235 1513 2278 Andronicum,
1537 2239 1722 2285 imperium

298 2281 401 2325 quasi
432 2279 539 2312 choro
575 2279 766 2320 ducentes,
793 2282 938 2315 iniurias
977 2283 1113 2316 scilicet
1143 2283 1311 2316 minaturi
1343 2289 1378 2316 et
1414 2285 1670 2331 exprobraturi,
1695 2286 1724 2319 si

297 2327 501 2360 commissos
526 2325 595 2359 sibi
621 2338 640 2358 a
666 2326 732 2360 deo
758 2327 916 2362 homines
941 2330 1057 2373 perire
1089 2334 1281 2374 pateretur,
1305 2340 1377 2362 non
1403 2331 1516 2364 solum
1539 2333 1724 2366 maximam

296 2373 388 2407 hanc
418 2373 593 2406 civitatem
610 2398 619 2414 ,
647 2374 708 2405 sed
746 2376 850 2408 etiam
889 2387 981 2420 quae
1006 2387 1084 2408 cum
1109 2387 1149 2408 ea
1185 2377 1393 2410 coniunctae
1419 2383 1538 2411 essent
1563 2379 1724 2424 regiones

297 2421 342 2453 ad
367 2420 539 2454 orientem
565 2425 601 2452 et
625 2431 795 2461 occasum,
820 2434 859 2454 ac
885 2423 1021 2467 reliqua
1046 2423 1177 2455 omnia.
1227 2434 1268 2455 ac
1296 2425 1555 2458 venerabantur
1582 2425 1726 2471 quidem

296 2468 542 2511 imperatorem
565 2477 713 2511 puerum
745 2479 809 2513 pro
841 2468 1014 2513 dignitate
1048 2470 1203 2513 generis,
1234 2470 1296 2503 sed
1330 2470 1374 2503 ad
1396 2482 1560 2515 praesens
1584 2476 1724 2517 tempus

296 2513 389 2546 nihil
415 2525 493 2547 eum
513 2519 772 2547 sacrosanctum
797 2527 872 2548 esse
891 2516 1068 2556 dicebant,
1096 2516 1377 2563 reficiebantque
1394 2529 1484 2559 eum,
1502 2519 1531 2551 si
1557 2520 1607 2552 ita
1626 2519 1724 2552 solu·

297 2561 565 2606 relinqueretur,
591 2566 627 2594 et
648 2562 930 2605 procumbebant
956 2563 1000 2596 ad
1023 2562 1216 2596 Andronici
1245 2565 1354 2608 pedes
1379 2564 1593 2599 adulationis
1618 2565 1724 2610 periti

298 2614 543 2653 rogantesque,
566 2612 606 2640 ut
629 2618 696 2639 una
714 2618 790 2640 cnm
814 2609 878 2642 illo
900 2621 1044 2654 regnum
1071 2610 1266 2654 susciperet
1290 2617 1326 2645 et
1347 2610 1503 2645 habenas
1528 2618 1726 2658 capesseret

297 2653 447 2698 imperii,
471 2666 514 2687 ne
535 2653 738 2687 adolescens
764 2655 830 2687 iste
860 2656 1055 2697 Phaethon,
1081 2661 1120 2689 ut
1143 2657 1179 2688 in
1199 2657 1318 2690 fabula
1335 2664 1399 2698 est,
1423 2669 1558 2691 currum
1586 2659 1631 2691 im
1661 2659 1725 2692 erii

298 2710 416 2745 regere
437 2708 593 2741 conatus,
619 2703 745 2734 misere
763 2703 876 2737 omnia
902 2708 1086 2739 everteret.
1115 2702 1244 2737 deinde
1262 2710 1377 2737 autem
1404 2716 1510 2751 quum
1530 2717 1548 2737 a
1572 2704 1725 2751 necibus
