<?xml version="1.0" encoding="UTF-8"?>
<!DOCTYPE html PUBLIC "-//W3C//DTD XHTML 1.0 Transitional//EN"
    "http://www.w3.org/TR/xhtml1/DTD/xhtml1-transitional.dtd">
<html xmlns="http://www.w3.org/1999/xhtml" xml:lang="en" lang="en">
 <head>
  <title>
</title>
<meta http-equiv="Content-Type" content="text/html;charset=utf-8" />
  <meta name='ocr-system' content='tesseract 3.04.00' />
  <meta name='ocr-capabilities' content='ocr_page ocr_carea ocr_par ocr_line ocrx_word'/>
</head>
<body>
  <div class='ocr_page' id='page_1' title='image "./corpusscriptorum34niebuoft/corpusscriptorum34niebuoft_0221.png"; bbox 0 0 1838 3132; ppageno 0'>
   <div class='ocr_carea' id='block_1_1' title="bbox 588 140 1548 186">
    <p class='ocr_par' dir='ltr' id='par_1_1' title="bbox 588 140 1548 186">
     <span class='ocr_line' id='line_1_1' title="bbox 588 140 1548 186; baseline 0.003 -3"><span class='ocrx_word' id='word_1_1' title='bbox 588 140 1076 184; x_wconf 83' lang='lat' dir='ltr'>CHRONOGRAPHlA.</span> <span class='ocrx_word' id='word_1_2' title='bbox 1451 140 1548 186; x_wconf 74' lang='lat'>209</span> 
     </span>
    </p>
   </div>
   <div class='ocr_carea' id='block_1_2' title="bbox 49 238 1676 1351">
    <p class='ocr_par' dir='ltr' id='par_1_2' title="bbox 49 238 1676 1351">
     <span class='ocr_line' id='line_1_2' title="bbox 109 238 1552 299; baseline 0 -14"><span class='ocrx_word' id='word_1_3' title='bbox 109 244 323 299; x_wconf 79' lang='grc' dir='ltr'><strong><em>γοηταίαις</em></strong></span> <span class='ocrx_word' id='word_1_4' title='bbox 346 239 418 283; x_wconf 75' lang='grc' dir='ltr'><strong><em>καί</em></strong></span> <span class='ocrx_word' id='word_1_5' title='bbox 443 242 759 296; x_wconf 75' lang='grc' dir='ltr'><strong><em>αἰσχρουργιάις</em></strong></span> <span class='ocrx_word' id='word_1_6' title='bbox 781 243 1116 296; x_wconf 75' lang='grc' dir='ltr'><strong><em>διαβεβοημένον,</em></strong></span> <span class='ocrx_word' id='word_1_7' title='bbox 1145 241 1219 285; x_wconf 83' lang='grc' dir='ltr'><strong><em>καί</em></strong></span> <span class='ocrx_word' id='word_1_8' title='bbox 1240 238 1407 297; x_wconf 75' lang='grc' dir='ltr'><strong><em>ἑτέρους</em></strong></span> <span class='ocrx_word' id='word_1_9' title='bbox 1433 243 1552 293; x_wconf 73' lang='grc' dir='ltr'><strong><em>τινας</em></strong></span> 
     </span>
     <span class='ocr_line' id='line_1_3' title="bbox 110 304 1554 365; baseline 0.001 -16"><span class='ocrx_word' id='word_1_10' title='bbox 110 309 350 365; x_wconf 79' lang='grc' dir='ltr'><em>ὁμόφρονας</em></span> <span class='ocrx_word' id='word_1_11' title='bbox 378 306 518 349; x_wconf 74' lang='grc' dir='ltr'><strong><em>αὐτοῦ.</em></strong></span> <span class='ocrx_word' id='word_1_12' title='bbox 575 311 866 362; x_wconf 84' lang='grc' dir='ltr'><strong><em>προσκαλεῖται</em></strong></span> <span class='ocrx_word' id='word_1_13' title='bbox 897 304 970 350; x_wconf 75' lang='grc' dir='ltr'>οὖν</span> <span class='ocrx_word' id='word_1_14' title='bbox 1001 309 1244 365; x_wconf 79' lang='grc' dir='ltr'><strong><em>Νικηφόρον</em></strong></span> <span class='ocrx_word' id='word_1_15' title='bbox 1271 309 1343 351; x_wconf 86' lang='grc' dir='ltr'>τὸν</span> <span class='ocrx_word' id='word_1_16' title='bbox 1363 309 1554 362; x_wconf 74' lang='grc' dir='ltr'><strong><em>ἀοίδιμον</em></strong></span> 
     </span>
     <span class='ocr_line' id='line_1_4' title="bbox 110 371 1551 430; baseline -0.001 -13"><span class='ocrx_word' id='word_1_17' title='bbox 110 376 376 429; x_wconf 81' lang='grc' dir='ltr'><strong><em>πατριάρχην</em></strong></span> <span class='ocrx_word' id='word_1_18' title='bbox 393 374 467 415; x_wconf 81' lang='grc' dir='ltr'>καί</span> <span class='ocrx_word' id='word_1_19' title='bbox 491 372 590 422; x_wconf 77' lang='grc' dir='ltr'>τούς</span> <span class='ocrx_word' id='word_1_20' title='bbox 604 371 682 414; x_wconf 72' lang='grc' dir='ltr'>σῦν</span> <span class='ocrx_word' id='word_1_21' title='bbox 701 372 816 430; x_wconf 49' lang='lat' dir='ltr'>adrui</span> <span class='ocrx_word' id='word_1_22' title='bbox 834 375 1083 424; x_wconf 80' lang='grc' dir='ltr'><strong><em>ἐπισκόπους</em></strong></span> <span class='ocrx_word' id='word_1_23' title='bbox 1098 374 1272 418; x_wconf 81' lang='grc' dir='ltr'><strong><em>ἐνώπιον</em></strong></span> <span class='ocrx_word' id='word_1_24' title='bbox 1289 377 1359 430; x_wconf 81' lang='grc' dir='ltr'>τῆς</span> <span class='ocrx_word' id='word_1_25' title='bbox 1374 375 1551 429; x_wconf 77' lang='grc' dir='ltr'><strong><em>συγκλη-</em></strong></span> 
     </span>
     <span class='ocr_line' id='line_1_5' title="bbox 110 437 1549 496; baseline 0 -14"><span class='ocrx_word' id='word_1_26' title='bbox 110 457 204 495; x_wconf 85' lang='grc' dir='ltr'><strong><em>του,</em></strong></span> <span class='ocrx_word' id='word_1_27' title='bbox 233 443 306 482; x_wconf 83' lang='grc' dir='ltr'><em>καί</em></span> <span class='ocrx_word' id='word_1_28' title='bbox 333 441 460 496; x_wconf 76' lang='grc' dir='ltr'><strong><em>φησίν</em></strong></span> <span class='ocrx_word' id='word_1_29' title='bbox 499 437 612 481; x_wconf 66' lang='lat' dir='ltr'>“Zure</span> <span class='ocrx_word' id='word_1_30' title='bbox 638 440 786 494; x_wconf 75' lang='grc' dir='ltr'><strong><em>σαφῶς</em></strong></span> <span class='ocrx_word' id='word_1_31' title='bbox 811 439 868 487; x_wconf 77' lang='grc' dir='ltr'>ὥς</span> <span class='ocrx_word' id='word_1_32' title='bbox 894 439 1127 495; x_wconf 83' lang='grc' dir='ltr'><strong><em>α’νέστησάν</em></strong></span> <span class='ocrx_word' id='word_1_33' title='bbox 1153 457 1259 490; x_wconf 86' lang='grc' dir='ltr'><strong><em>τινες</em></strong></span> <span class='ocrx_word' id='word_1_34' title='bbox 1285 445 1465 496; x_wconf 82' lang='grc' dir='ltr'><strong><em>λέγοντες</em></strong></span> <span class='ocrx_word' id='word_1_35' title='bbox 1491 439 1549 496; x_wconf 74' lang='grc' dir='ltr'><em>μή</em></span> 
     </span>
     <span class='ocr_line' id='line_1_6' title="bbox 77 502 1552 562; baseline -0.002 -13"><span class='ocrx_word' id='word_1_36' title='bbox 77 509 198 552; x_wconf 66' lang='grc' dir='ltr'><strong><em>ὅδεῖν</em></strong></span> <span class='ocrx_word' id='word_1_37' title='bbox 225 508 550 562; x_wconf 71' lang='grc' dir='ltr'><strong><em>προσκυνεῖσθαι</em></strong></span> <span class='ocrx_word' id='word_1_38' title='bbox 577 503 651 553; x_wconf 81' lang='grc' dir='ltr'>τὰς</span> <span class='ocrx_word' id='word_1_39' title='bbox 684 502 885 553; x_wconf 77' lang='grc' dir='ltr'><strong><em>εἰκόνας.’-’</em></strong></span> <span class='ocrx_word' id='word_1_40' title='bbox 911 505 1042 556; x_wconf 68' lang='grc' dir='ltr'><strong><em>εὐθὺς</em></strong></span> <span class='ocrx_word' id='word_1_41' title='bbox 1072 509 1119 548; x_wconf 78' lang='grc' dir='ltr'>δὲ</span> <span class='ocrx_word' id='word_1_42' title='bbox 1146 504 1166 548; x_wconf 82' lang='grc' dir='ltr'><em>ὃ</em></span> <span class='ocrx_word' id='word_1_43' title='bbox 1195 506 1307 560; x_wconf 75' lang='grc' dir='ltr'><strong><em>ἱερός</em></strong></span> <span class='ocrx_word' id='word_1_44' title='bbox 1336 506 1552 561; x_wconf 65' lang='grc' dir='ltr'><strong><em>Ευᾞύμιος</em></strong></span> 
     </span>
     <span class='ocr_line' id='line_1_7' title="bbox 109 568 1595 628; baseline -0.001 -12"><span class='ocrx_word' id='word_1_45' title='bbox 109 574 306 627; x_wconf 76' lang='grc' dir='ltr'><em>Σάρδεων</em></span> <span class='ocrx_word' id='word_1_46' title='bbox 332 568 722 626; x_wconf 81' lang='grc' dir='ltr'><strong><em>παρρησιασάμενος</em></strong></span> <span class='ocrx_word' id='word_1_47' title='bbox 763 571 808 611; x_wconf 79' lang='grc' dir='ltr'>ἐκ</span> <span class='ocrx_word' id='word_1_48' title='bbox 843 573 916 625; x_wconf 79' lang='grc' dir='ltr'>τῆς</span> <span class='ocrx_word' id='word_1_49' title='bbox 948 572 1069 621; x_wconf 79' lang='grc' dir='ltr'><strong><em>θείοις</em></strong></span> <span class='ocrx_word' id='word_1_50' title='bbox 1103 575 1270 628; x_wconf 78' lang='grc' dir='ltr'><strong><em>γραφῆς</em></strong></span> <span class='ocrx_word' id='word_1_51' title='bbox 1307 575 1595 628; x_wconf 76' lang='grc' dir='ltr'><strong><em>ἑπετίμησενι)</em></strong></span> 
     </span>
     <span class='ocr_line' id='line_1_8' title="bbox 106 633 1555 701; baseline -0.001 -19"><span class='ocrx_word' id='word_1_52' title='bbox 106 639 180 701; x_wconf 66' lang='grc' dir='ltr'>τόν</span> <span class='ocrx_word' id='word_1_53' title='bbox 205 637 427 692; x_wconf 70' lang='grc' dir='ltr'><strong><em>ἀλιτήριον,</em></strong></span> <span class='ocrx_word' id='word_1_54' title='bbox 455 638 555 689; x_wconf 59' lang='grc' dir='ltr'><strong><em>μεθ’</em></strong></span> <span class='ocrx_word' id='word_1_55' title='bbox 590 633 637 678; x_wconf 78' lang='grc' dir='ltr'><strong><em>ὃν</em></strong></span> <span class='ocrx_word' id='word_1_56' title='bbox 666 634 738 677; x_wconf 84' lang='grc' dir='ltr'><em>καί</em></span> <span class='ocrx_word' id='word_1_57' title='bbox 774 635 991 691; x_wconf 78' lang='grc' dir='ltr'><strong><em>Θεόδωρος</em></strong></span> <span class='ocrx_word' id='word_1_58' title='bbox 1030 637 1051 679; x_wconf 82' lang='grc' dir='ltr'>ὅ</span> <span class='ocrx_word' id='word_1_59' title='bbox 1080 637 1237 693; x_wconf 77' lang='grc' dir='ltr'><strong><em>θερμός</em></strong></span> <span class='ocrx_word' id='word_1_60' title='bbox 1274 641 1347 692; x_wconf 76' lang='grc' dir='ltr'>τῆς</span> <span class='ocrx_word' id='word_1_61' title='bbox 1380 637 1555 693; x_wconf 75' lang='grc' dir='ltr'><strong><em>ὄρθοὸο-</em></strong></span> 
     </span>
     <span class='ocr_line' id='line_1_9' title="bbox 108 702 1555 760; baseline 0 -14"><span class='ocrx_word' id='word_1_62' title='bbox 108 707 200 755; x_wconf 83' lang='grc' dir='ltr'>ξιάς</span> <span class='ocrx_word' id='word_1_63' title='bbox 227 703 466 759; x_wconf 81' lang='grc' dir='ltr'><strong><em>πρόμαχος,</em></strong></span> <span class='ocrx_word' id='word_1_64' title='bbox 497 702 580 743; x_wconf 75' lang='grc' dir='ltr'>τῶν</span> <span class='ocrx_word' id='word_1_65' title='bbox 620 703 822 744; x_wconf 74' lang='grc' dir='ltr'><strong><em>Στουδιου</em></strong></span> <span class='ocrx_word' id='word_1_66' title='bbox 859 702 1112 757; x_wconf 77' lang='grc' dir='ltr'><strong><em>ἡγούμενος,</em></strong></span> <span class='ocrx_word' id='word_1_67' title='bbox 1142 703 1223 760; x_wconf 83' lang='grc' dir='ltr'>ἔφη</span> <span class='ocrx_word' id='word_1_68' title='bbox 1249 703 1330 760; x_wconf 61' lang='grc' dir='ltr'>ι(μὴ</span> <span class='ocrx_word' id='word_1_69' title='bbox 1362 704 1555 759; x_wconf 82' lang='grc' dir='ltr'><strong><em>παρασά-</em></strong></span> 
     </span>
     <span class='ocr_line' id='line_1_10' title="bbox 107 768 1554 825; baseline 0 -13"><span class='ocrx_word' id='word_1_70' title='bbox 107 775 215 822; x_wconf 82' lang='grc' dir='ltr'><strong><em>λευε,</em></strong></span> <span class='ocrx_word' id='word_1_71' title='bbox 240 770 446 822; x_wconf 84' lang='grc' dir='ltr'><strong><em>βασιλεῦ,</em></strong></span> <span class='ocrx_word' id='word_1_72' title='bbox 486 768 743 810; x_wconf 86' lang='grc' dir='ltr'><strong><em>κατάστασιν</em></strong></span> <span class='ocrx_word' id='word_1_73' title='bbox 781 770 1144 825; x_wconf 79' lang='grc' dir='ltr'><strong><em>ε’κκλησιαστικήν·</em></strong></span> <span class='ocrx_word' id='word_1_74' title='bbox 1217 770 1285 812; x_wconf 67' lang='grc' dir='ltr'><strong><em>σοι’</em></strong></span> <span class='ocrx_word' id='word_1_75' title='bbox 1312 773 1390 823; x_wconf 81' lang='grc' dir='ltr'><strong><em>μὲν</em></strong></span> <span class='ocrx_word' id='word_1_76' title='bbox 1415 769 1496 825; x_wconf 79' lang='grc' dir='ltr'><strong><em>γὰρ</em></strong></span> <span class='ocrx_word' id='word_1_77' title='bbox 1526 771 1554 825; x_wconf 79' lang='grc' dir='ltr'><em>ἦ</em></span> 
     </span>
     <span class='ocr_line' id='line_1_11' title="bbox 54 834 1553 891; baseline -0.001 -13"><span class='ocrx_word' id='word_1_78' title='bbox 54 845 96 878; x_wconf 83' lang='lat'>10</span> <span class='ocrx_word' id='word_1_79' title='bbox 109 839 180 891; x_wconf 82' lang='grc' dir='ltr'>τῆς</span> <span class='ocrx_word' id='word_1_80' title='bbox 204 838 414 883; x_wconf 78' lang='grc' dir='ltr'><strong><em>πολιτείας</em></strong></span> <span class='ocrx_word' id='word_1_81' title='bbox 442 835 697 882; x_wconf 79' lang='grc' dir='ltr'><strong><em>κατάστασις</em></strong></span> <span class='ocrx_word' id='word_1_82' title='bbox 726 835 798 875; x_wconf 80' lang='grc' dir='ltr'><em>καί</em></span> <span class='ocrx_word' id='word_1_83' title='bbox 825 834 849 888; x_wconf 80' lang='grc' dir='ltr'><em>ἦ</em></span> <span class='ocrx_word' id='word_1_84' title='bbox 876 835 948 876; x_wconf 77' lang='grc' dir='ltr'>τοῦ</span> <span class='ocrx_word' id='word_1_85' title='bbox 975 838 1162 891; x_wconf 85' lang='grc' dir='ltr'><strong><em>στρατοῦ</em></strong></span> <span class='ocrx_word' id='word_1_86' title='bbox 1189 834 1426 891; x_wconf 72' lang='grc' dir='ltr'><strong><em>ἐπιστεύθη·</em></strong></span> <span class='ocrx_word' id='word_1_87' title='bbox 1457 835 1553 876; x_wconf 77' lang='grc' dir='ltr'><strong><em>τού-</em></strong></span> 
     </span>
     <span class='ocr_line' id='line_1_12' title="bbox 106 898 1551 959; baseline -0.001 -16"><span class='ocrx_word' id='word_1_88' title='bbox 106 919 188 943; x_wconf 87' lang='grc' dir='ltr'>των</span> <span class='ocrx_word' id='word_1_89' title='bbox 217 900 425 958; x_wconf 79' lang='grc' dir='ltr'><strong><em>φρόντιζε,</em></strong></span> <span class='ocrx_word' id='word_1_90' title='bbox 451 903 523 943; x_wconf 85' lang='grc' dir='ltr'>καί</span> <span class='ocrx_word' id='word_1_91' title='bbox 551 899 626 954; x_wconf 75' lang='grc' dir='ltr'>τήν</span> <span class='ocrx_word' id='word_1_92' title='bbox 649 901 868 955; x_wconf 79' lang='grc' dir='ltr'><strong><em>ἐκκλησίαν</em></strong></span> <span class='ocrx_word' id='word_1_93' title='bbox 907 898 1030 943; x_wconf 79' lang='grc' dir='ltr'><strong><em>ἔασον</em></strong></span> <span class='ocrx_word' id='word_1_94' title='bbox 1054 902 1192 955; x_wconf 79' lang='grc' dir='ltr'><strong><em>μένειν</em></strong></span> <span class='ocrx_word' id='word_1_95' title='bbox 1221 903 1265 942; x_wconf 78' lang='grc' dir='ltr'><strong><em>ἐν</em></strong></span> <span class='ocrx_word' id='word_1_96' title='bbox 1295 903 1551 959; x_wconf 68' lang='grc' dir='ltr'><strong><em>ο’ρθοδοξι’ᾳ.”</em></strong></span> 
     </span>
     <span class='ocr_line' id='line_1_13' title="bbox 105 964 1616 1024; baseline 0.001 -15"><span class='ocrx_word' id='word_1_97' title='bbox 105 966 127 1009; x_wconf 81' lang='grc' dir='ltr'>ὅ</span> <span class='ocrx_word' id='word_1_98' title='bbox 159 969 205 1009; x_wconf 77' lang='grc' dir='ltr'>δὲ</span> <span class='ocrx_word' id='word_1_99' title='bbox 227 965 422 1023; x_wconf 81' lang='grc' dir='ltr'><strong><em>τύραννος</em></strong></span> <span class='ocrx_word' id='word_1_100' title='bbox 440 965 597 1009; x_wconf 81' lang='grc' dir='ltr'><strong><em>τούτων</em></strong></span> <span class='ocrx_word' id='word_1_101' title='bbox 615 964 815 1019; x_wconf 77' lang='grc' dir='ltr'><strong><em>οἰκούσας,</em></strong></span> <span class='ocrx_word' id='word_1_102' title='bbox 843 964 1076 1021; x_wconf 78' lang='grc' dir='ltr'><strong><em>ὖπερζέσας</em></strong></span> <span class='ocrx_word' id='word_1_103' title='bbox 1103 970 1162 1024; x_wconf 77' lang='grc' dir='ltr'><strong><em>τῷ</em></strong></span> <span class='ocrx_word' id='word_1_104' title='bbox 1189 970 1313 1024; x_wconf 72' lang='grc' dir='ltr'>θυμῷ</span> <span class='ocrx_word' id='word_1_105' title='bbox 1340 969 1414 1010; x_wconf 84' lang='grc' dir='ltr'>καί</span> <span class='ocrx_word' id='word_1_106' title='bbox 1439 970 1552 1010; x_wconf 83' lang='grc' dir='ltr'><strong><em>λεόν-</em></strong></span> <span class='ocrx_word' id='word_1_107' title='bbox 1608 994 1616 999; x_wconf 87' lang='grc'>-</span> 
     </span>
     <span class='ocr_line' id='line_1_14' title="bbox 103 1030 1551 1088; baseline 0 -13"><span class='ocrx_word' id='word_1_108' title='bbox 103 1049 211 1076; x_wconf 88' lang='grc' dir='ltr'><strong><em>τειον</em></strong></span> <span class='ocrx_word' id='word_1_109' title='bbox 243 1030 263 1074; x_wconf 81' lang='grc' dir='ltr'><em>ὃ</em></span> <span class='ocrx_word' id='word_1_110' title='bbox 291 1032 508 1087; x_wconf 73' lang='grc' dir='ltr'><strong><em>πιθήκειος</em></strong></span> <span class='ocrx_word' id='word_1_111' title='bbox 533 1030 703 1086; x_wconf 72' lang='grc' dir='ltr'><strong><em>βρύξας,</em></strong></span> <span class='ocrx_word' id='word_1_112' title='bbox 732 1034 806 1073; x_wconf 84' lang='grc' dir='ltr'><em>καί</em></span> <span class='ocrx_word' id='word_1_113' title='bbox 829 1030 988 1081; x_wconf 82' lang='grc' dir='ltr'><strong><em>πάντας</em></strong></span> <span class='ocrx_word' id='word_1_114' title='bbox 1013 1034 1114 1085; x_wconf 79' lang='grc' dir='ltr'><strong><em>μεθ’</em></strong></span> <span class='ocrx_word' id='word_1_115' title='bbox 1133 1030 1298 1088; x_wconf 63' lang='grc' dir='ltr'><strong><em>’ὕβρεως</em></strong></span> <span class='ocrx_word' id='word_1_116' title='bbox 1326 1032 1551 1087; x_wconf 79' lang='grc' dir='ltr'><strong><em>α’πελάσας,</em></strong></span> 
     </span>
     <span class='ocr_line' id='line_1_15' title="bbox 103 1096 1550 1154; baseline 0.001 -13"><span class='ocrx_word' id='word_1_117' title='bbox 103 1098 178 1141; x_wconf 75' lang='grc' dir='ltr'>καὶ</span> <span class='ocrx_word' id='word_1_118' title='bbox 198 1099 272 1141; x_wconf 83' lang='grc' dir='ltr'>τὸν</span> <span class='ocrx_word' id='word_1_119' title='bbox 289 1101 420 1153; x_wconf 83' lang='grc' dir='ltr'><strong><em>μέγαν</em></strong></span> <span class='ocrx_word' id='word_1_120' title='bbox 443 1097 684 1153; x_wconf 85' lang='grc' dir='ltr'><strong><em>Νικηφόρον</em></strong></span> <span class='ocrx_word' id='word_1_121' title='bbox 705 1101 779 1152; x_wconf 82' lang='grc' dir='ltr'>τῆς</span> <span class='ocrx_word' id='word_1_122' title='bbox 800 1096 955 1147; x_wconf 85' lang='grc' dir='ltr'><strong><em>πόλεως</em></strong></span> <span class='ocrx_word' id='word_1_123' title='bbox 981 1099 1159 1149; x_wconf 78' lang='grc' dir='ltr'><strong><em>ἐξεώσας</em></strong></span> <span class='ocrx_word' id='word_1_124' title='bbox 1181 1097 1254 1141; x_wconf 81' lang='grc' dir='ltr'>καί</span> <span class='ocrx_word' id='word_1_125' title='bbox 1283 1098 1550 1154; x_wconf 68' lang='grc' dir='ltr'><strong><em>περιορισας,</em></strong></span> 
     </span>
     <span class='ocr_line' id='line_1_16' title="bbox 49 1163 1551 1221; baseline 0 -14"><span class='ocrx_word' id='word_1_126' title='bbox 49 1183 92 1217; x_wconf 81' lang='lat'>15</span> <span class='ocrx_word' id='word_1_127' title='bbox 105 1164 306 1214; x_wconf 77' lang='grc' dir='ltr'><strong><em>ὡσαύτως</em></strong></span> <span class='ocrx_word' id='word_1_128' title='bbox 334 1166 408 1206; x_wconf 82' lang='grc' dir='ltr'><em>καί</em></span> <span class='ocrx_word' id='word_1_129' title='bbox 435 1163 657 1215; x_wconf 74' lang='grc' dir='ltr'><strong><em>Θεόδωρον</em></strong></span> <span class='ocrx_word' id='word_1_130' title='bbox 684 1163 759 1206; x_wconf 84' lang='grc' dir='ltr'>τὸν</span> <span class='ocrx_word' id='word_1_131' title='bbox 775 1166 978 1206; x_wconf 74' lang='grc' dir='ltr'><strong><em>Στουὸιόυ</em></strong></span> <span class='ocrx_word' id='word_1_132' title='bbox 1009 1167 1215 1221; x_wconf 80' lang='grc' dir='ltr'><strong><em>ἐξορίσας,</em></strong></span> <span class='ocrx_word' id='word_1_133' title='bbox 1250 1164 1456 1208; x_wconf 72' lang='grc' dir='ltr'><strong><em>Θεόδοτον</em></strong></span> <span class='ocrx_word' id='word_1_134' title='bbox 1480 1165 1551 1207; x_wconf 87' lang='grc' dir='ltr'>τὸν</span> 
     </span>
     <span class='ocr_line' id='line_1_17' title="bbox 106 1226 1550 1288; baseline 0 -15"><span class='ocrx_word' id='word_1_135' title='bbox 106 1229 375 1286; x_wconf 75' lang='grc' dir='ltr'><strong><em>Κασσιτεράν</em></strong></span> <span class='ocrx_word' id='word_1_136' title='bbox 399 1232 454 1288; x_wconf 79' lang='grc' dir='ltr'><strong><em>τῷ</em></strong></span> <span class='ocrx_word' id='word_1_137' title='bbox 480 1231 766 1287; x_wconf 77' lang='grc' dir='ltr'><strong><em>πατριαρχείῳ</em></strong></span> <span class='ocrx_word' id='word_1_138' title='bbox 797 1233 1138 1286; x_wconf 82' lang='grc' dir='ltr'><strong><em>α’πεκατὲστησεν.</em></strong></span> <span class='ocrx_word' id='word_1_139' title='bbox 1202 1230 1341 1273; x_wconf 77' lang='grc' dir='ltr'><strong><em>ἔκτοτε</em></strong></span> <span class='ocrx_word' id='word_1_140' title='bbox 1374 1226 1448 1273; x_wconf 72' lang='grc' dir='ltr'>οὖν</span> <span class='ocrx_word' id='word_1_141' title='bbox 1477 1230 1550 1274; x_wconf 80' lang='grc' dir='ltr'>τόν</span> 
     </span>
     <span class='ocr_line' id='line_1_18' title="bbox 102 1294 1676 1351; baseline 0 -13"><span class='ocrx_word' id='word_1_142' title='bbox 102 1295 243 1349; x_wconf 72' lang='grc' dir='ltr'><strong><em>θυμὸν</em></strong></span> <span class='ocrx_word' id='word_1_143' title='bbox 269 1298 342 1337; x_wconf 83' lang='grc' dir='ltr'>καί</span> <span class='ocrx_word' id='word_1_144' title='bbox 371 1294 444 1338; x_wconf 81' lang='grc' dir='ltr'>τόν</span> <span class='ocrx_word' id='word_1_145' title='bbox 475 1295 596 1337; x_wconf 76' lang='grc' dir='ltr'><strong><em>δόλον</em></strong></span> <span class='ocrx_word' id='word_1_146' title='bbox 631 1297 705 1349; x_wconf 84' lang='grc' dir='ltr'>τῆς</span> <span class='ocrx_word' id='word_1_147' title='bbox 742 1297 886 1350; x_wconf 81' lang='grc' dir='ltr'><strong><em>ψυχῆς</em></strong></span> <span class='ocrx_word' id='word_1_148' title='bbox 921 1297 1054 1337; x_wconf 71' lang='grc' dir='ltr'><strong><em>αὐτοῦ</em></strong></span> <span class='ocrx_word' id='word_1_149' title='bbox 1083 1298 1232 1350; x_wconf 79' lang='grc' dir='ltr'><strong><em>ἐκχέας</em></strong></span> <span class='ocrx_word' id='word_1_150' title='bbox 1267 1302 1352 1346; x_wconf 72' lang='grc' dir='ltr'><strong><em>τοῖς</em></strong></span> <span class='ocrx_word' id='word_1_151' title='bbox 1378 1295 1546 1351; x_wconf 78' lang='grc' dir='ltr'><strong><em>συμμύ-</em></strong></span> <span class='ocrx_word' id='word_1_152' title='bbox 1558 1316 1676 1351; x_wconf 39' lang='grc' dir='ltr'><strong><em>ρμῃκ]</em></strong></span> 
     </span>
    </p>
   </div>
   <div class='ocr_carea' id='block_1_3' title="bbox 1543 1366 1550 1378">
    <p class='ocr_par' dir='ltr' id='par_1_3' title="bbox 1543 1366 1550 1378">
     <span class='ocr_line' id='line_1_19' title="bbox 1543 1366 1550 1378; baseline 0 0"><span class='ocrx_word' id='word_1_153' title='bbox 1543 1366 1550 1378; x_wconf 66' lang='grc' dir='ltr'>ἱ</span> 
     </span>
    </p>
   </div>
   <div class='ocr_carea' id='block_1_4' title="bbox 47 1358 1549 1750">
    <p class='ocr_par' dir='ltr' id='par_1_4' title="bbox 47 1358 1549 1750">
     <span class='ocr_line' id='line_1_20' title="bbox 103 1358 1549 1414; baseline 0.001 -11"><span class='ocrx_word' id='word_1_154' title='bbox 103 1377 222 1410; x_wconf 85' lang='grc' dir='ltr'><strong><em>σταις</em></strong></span> <span class='ocrx_word' id='word_1_155' title='bbox 249 1358 383 1404; x_wconf 67' lang='grc' dir='ltr'><strong><em>αὐτοῦ</em></strong></span> <span class='ocrx_word' id='word_1_156' title='bbox 411 1360 628 1414; x_wconf 82' lang='grc' dir='ltr'><strong><em>οἷσελγέσιν</em></strong></span> <span class='ocrx_word' id='word_1_157' title='bbox 665 1358 813 1403; x_wconf 74' lang='grc' dir='ltr'><strong><em>ἑαυτὸν</em></strong></span> <span class='ocrx_word' id='word_1_158' title='bbox 839 1361 1156 1404; x_wconf 76' lang='grc' dir='ltr'><strong><em>κατεπίστευσεν</em></strong></span> <span class='ocrx_word' id='word_1_159' title='bbox 1173 1378 1185 1390; x_wconf 86' lang='grc'><em>·</em></span> <span class='ocrx_word' id='word_1_160' title='bbox 1253 1364 1424 1411; x_wconf 78' lang='grc' dir='ltr'><strong><em>οἵτινες</em></strong></span> <span class='ocrx_word' id='word_1_161' title='bbox 1457 1365 1549 1405; x_wconf 78' lang='grc' dir='ltr'><strong><em>ἐπει</em></strong></span> 
     </span>
     <span class='ocr_line' id='line_1_21' title="bbox 104 1423 1547 1485; baseline 0 -15"><span class='ocrx_word' id='word_1_162' title='bbox 104 1430 221 1484; x_wconf 69' lang='grc' dir='ltr'><strong><em>αὐτῷ</em></strong></span> <span class='ocrx_word' id='word_1_163' title='bbox 255 1424 663 1485; x_wconf 69' lang='grc' dir='ltr'><strong><em>πρόσῳκειιόθησαν,</em></strong></span> <span class='ocrx_word' id='word_1_164' title='bbox 689 1427 784 1481; x_wconf 78' lang='grc' dir='ltr'><strong><em>τρία</em></strong></span> <span class='ocrx_word' id='word_1_165' title='bbox 812 1423 1026 1481; x_wconf 70' lang='grc' dir='ltr'><strong><em>ὑπέθηκαν</em></strong></span> <span class='ocrx_word' id='word_1_166' title='bbox 1054 1428 1168 1484; x_wconf 66' lang='grc' dir='ltr'><strong><em>αὐτῷ</em></strong></span> <span class='ocrx_word' id='word_1_167' title='bbox 1194 1425 1245 1470; x_wconf 80' lang='grc' dir='ltr'>τοὶ</span> <span class='ocrx_word' id='word_1_168' title='bbox 1279 1426 1547 1483; x_wconf 82' lang='grc' dir='ltr'><strong><em>ὖποσχημένα</em></strong></span> 
     </span>
     <span class='ocr_line' id='line_1_22' title="bbox 47 1490 1547 1550; baseline 0.001 -17"><span class='ocrx_word' id='word_1_169' title='bbox 47 1510 93 1544; x_wconf 80' lang='lat'>20</span> <span class='ocrx_word' id='word_1_170' title='bbox 105 1492 178 1534; x_wconf 85' lang='grc' dir='ltr'>καί</span> <span class='ocrx_word' id='word_1_171' title='bbox 205 1493 318 1550; x_wconf 66' lang='grc' dir='ltr'><strong><em>αὐτῷ</em></strong></span> <span class='ocrx_word' id='word_1_172' title='bbox 345 1490 615 1548; x_wconf 71' lang='grc' dir='ltr'><strong><em>στεργόμενα,</em></strong></span> <span class='ocrx_word' id='word_1_173' title='bbox 653 1494 728 1546; x_wconf 79' lang='grc' dir='ltr'>τῆς</span> <span class='ocrx_word' id='word_1_174' title='bbox 757 1491 983 1545; x_wconf 78' lang='grc' dir='ltr'><strong><em>ὀρθοδόξου</em></strong></span> <span class='ocrx_word' id='word_1_175' title='bbox 1013 1494 1190 1542; x_wconf 76' lang='grc' dir='ltr'><strong><em>πίστεως</em></strong></span> <span class='ocrx_word' id='word_1_176' title='bbox 1220 1493 1337 1547; x_wconf 74' lang='grc' dir='ltr'><strong><em>ἡμῶν</em></strong></span> <span class='ocrx_word' id='word_1_177' title='bbox 1363 1492 1438 1548; x_wconf 74' lang='grc' dir='ltr'>τήν</span> <span class='ocrx_word' id='word_1_178' title='bbox 1468 1490 1547 1548; x_wconf 75' lang='grc' dir='ltr'><strong><em>ἅρ-</em></strong></span> 
     </span>
     <span class='ocr_line' id='line_1_23' title="bbox 102 1556 1546 1613; baseline 0.001 -13"><span class='ocrx_word' id='word_1_179' title='bbox 102 1575 244 1613; x_wconf 85' lang='grc' dir='ltr'><strong><em>νησιν,</em></strong></span> <span class='ocrx_word' id='word_1_180' title='bbox 271 1561 352 1600; x_wconf 75' lang='grc' dir='ltr'>τῶν</span> <span class='ocrx_word' id='word_1_181' title='bbox 395 1560 522 1599; x_wconf 78' lang='grc' dir='ltr'><strong><em>θείων</em></strong></span> <span class='ocrx_word' id='word_1_182' title='bbox 560 1556 726 1600; x_wconf 81' lang='grc' dir='ltr'><strong><em>εἰκόνων</em></strong></span> <span class='ocrx_word' id='word_1_183' title='bbox 758 1557 834 1611; x_wconf 69' lang='grc' dir='ltr'><strong><em>τὴν</em></strong></span> <span class='ocrx_word' id='word_1_184' title='bbox 862 1560 1121 1611; x_wconf 72' lang='grc' dir='ltr'><strong><em>καθαίρεσιν,</em></strong></span> <span class='ocrx_word' id='word_1_185' title='bbox 1153 1561 1232 1601; x_wconf 80' lang='grc' dir='ltr'>τῶν</span> <span class='ocrx_word' id='word_1_186' title='bbox 1263 1558 1546 1612; x_wconf 78' lang='grc' dir='ltr'><strong><em>ειῖσεβούντων</em></strong></span> 
     </span>
     <span class='ocr_line' id='line_1_24' title="bbox 101 1619 1545 1679; baseline -0.002 -13"><span class='ocrx_word' id='word_1_187' title='bbox 101 1624 179 1679; x_wconf 76' lang='grc' dir='ltr'><strong><em>τήν</em></strong></span> <span class='ocrx_word' id='word_1_188' title='bbox 207 1626 358 1676; x_wconf 70' lang='grc' dir='ltr'><strong><em>δίωξιν.</em></strong></span> <span class='ocrx_word' id='word_1_189' title='bbox 432 1621 609 1672; x_wconf 81' lang='grc' dir='ltr'><strong><em>ταύταις</em></strong></span> <span class='ocrx_word' id='word_1_190' title='bbox 649 1619 723 1664; x_wconf 70' lang='grc' dir='ltr'>οὖν</span> <span class='ocrx_word' id='word_1_191' title='bbox 748 1630 839 1671; x_wconf 89' lang='grc' dir='ltr'><strong><em>ταῖς</em></strong></span> <span class='ocrx_word' id='word_1_192' title='bbox 881 1622 1060 1672; x_wconf 70' lang='grc' dir='ltr'><strong><em>ἀπάταις</em></strong></span> <span class='ocrx_word' id='word_1_193' title='bbox 1089 1626 1288 1679; x_wconf 70' lang='grc' dir='ltr'><strong><em>προσθείς</em></strong></span> <span class='ocrx_word' id='word_1_194' title='bbox 1319 1622 1341 1666; x_wconf 77' lang='grc' dir='ltr'><strong><em>ό</em></strong></span> <span class='ocrx_word' id='word_1_195' title='bbox 1370 1626 1545 1679; x_wconf 87' lang='grc' dir='ltr'><strong><em>ματαιό-</em></strong></span> 
     </span>
     <span class='ocr_line' id='line_1_25' title="bbox 103 1688 1542 1750; baseline 0.001 -18"><span class='ocrx_word' id='word_1_196' title='bbox 103 1706 236 1747; x_wconf 87' lang='grc' dir='ltr'><strong><em>φρων,</em></strong></span> <span class='ocrx_word' id='word_1_197' title='bbox 278 1688 590 1745; x_wconf 74' lang='grc' dir='ltr'><strong><em>ἄναπτερωθείς</em></strong></span> <span class='ocrx_word' id='word_1_198' title='bbox 618 1688 640 1730; x_wconf 81' lang='grc' dir='ltr'>ὅ</span> <span class='ocrx_word' id='word_1_199' title='bbox 674 1690 851 1739; x_wconf 77' lang='grc' dir='ltr'><strong><em>δείλαιος</em></strong></span> <span class='ocrx_word' id='word_1_200' title='bbox 889 1691 939 1747; x_wconf 82' lang='grc' dir='ltr'><strong><em>τῇ</em></strong></span> <span class='ocrx_word' id='word_1_201' title='bbox 967 1693 1217 1750; x_wconf 75' lang='grc' dir='ltr'><strong><em>ταλαιπώρῳ</em></strong></span> <span class='ocrx_word' id='word_1_202' title='bbox 1247 1691 1369 1749; x_wconf 76' lang='grc' dir='ltr'><strong><em>ὁρμῇ,</em></strong></span> <span class='ocrx_word' id='word_1_203' title='bbox 1398 1694 1542 1748; x_wconf 77' lang='grc' dir='ltr'><strong><em>πρῶτα</em></strong></span> 
     </span>
    </p>
   </div>
   <div class='ocr_carea' id='block_1_5' title="bbox 88 1861 1538 2754">
    <p class='ocr_par' dir='ltr' id='par_1_5' title="bbox 88 1861 1538 2754">
     <span class='ocr_line' id='line_1_26' title="bbox 102 1861 1537 1907; baseline 0.003 -13"><span class='ocrx_word' id='word_1_204' title='bbox 102 1861 338 1907; x_wconf 85' lang='lat' dir='ltr'>conquisitis,</span> <span class='ocrx_word' id='word_1_205' title='bbox 364 1862 535 1894; x_wconf 83' lang='lat' dir='ltr'>Ioannem</span> <span class='ocrx_word' id='word_1_206' title='bbox 572 1861 703 1894; x_wconf 85' lang='lat' dir='ltr'>dictum</span> <span class='ocrx_word' id='word_1_207' title='bbox 741 1861 1037 1902; x_wconf 73' lang='lat' dir='ltr'>Grammaticum‚</span> <span class='ocrx_word' id='word_1_208' title='bbox 1069 1863 1178 1907; x_wconf 81' lang='lat' dir='ltr'>inagis</span> <span class='ocrx_word' id='word_1_209' title='bbox 1212 1868 1328 1897; x_wconf 83' lang='lat' dir='ltr'>autem</span> <span class='ocrx_word' id='word_1_210' title='bbox 1368 1865 1537 1899; x_wconf 72' lang='lat' dir='ltr'>Ioannem</span> 
     </span>
     <span class='ocr_line' id='line_1_27' title="bbox 101 1908 1537 1956; baseline 0.003 -15"><span class='ocrx_word' id='word_1_211' title='bbox 101 1909 210 1942; x_wconf 84' lang='lat' dir='ltr'>alium</span> <span class='ocrx_word' id='word_1_212' title='bbox 243 1909 297 1941; x_wconf 87' lang='lat' dir='ltr'>vel</span> <span class='ocrx_word' id='word_1_213' title='bbox 331 1909 508 1942; x_wconf 84' lang='lat' dir='ltr'>Simonem</span> <span class='ocrx_word' id='word_1_214' title='bbox 549 1908 833 1941; x_wconf 78' lang='lat' dir='ltr'>divinationibus</span> <span class='ocrx_word' id='word_1_215' title='bbox 871 1919 914 1941; x_wconf 83' lang='lat' dir='ltr'>ex</span> <span class='ocrx_word' id='word_1_216' title='bbox 941 1909 1046 1954; x_wconf 82' lang='lat' dir='ltr'>pelvi,</span> <span class='ocrx_word' id='word_1_217' title='bbox 1074 1910 1272 1954; x_wconf 75' lang='lat' dir='ltr'>praestigiis</span> <span class='ocrx_word' id='word_1_218' title='bbox 1297 1916 1333 1944; x_wconf 86' lang='lat' dir='ltr'>et</span> <span class='ocrx_word' id='word_1_219' title='bbox 1359 1913 1537 1956; x_wconf 75' lang='lat' dir='ltr'>spurcitiis</span> 
     </span>
     <span class='ocr_line' id='line_1_28' title="bbox 100 1955 1538 2000; baseline 0.003 -13"><span class='ocrx_word' id='word_1_220' title='bbox 100 1955 381 1997; x_wconf 80' lang='lat' dir='ltr'>celeberrimum,</span> <span class='ocrx_word' id='word_1_221' title='bbox 411 1955 573 2000; x_wconf 75' lang='lat' dir='ltr'>aliosque</span> <span class='ocrx_word' id='word_1_222' title='bbox 612 1967 735 1988; x_wconf 86' lang='lat' dir='ltr'>sensus</span> <span class='ocrx_word' id='word_1_223' title='bbox 774 1955 931 1988; x_wconf 86' lang='lat' dir='ltr'>eiusdem</span> <span class='ocrx_word' id='word_1_224' title='bbox 974 1962 1155 1989; x_wconf 79' lang='lat' dir='ltr'>consortes</span> <span class='ocrx_word' id='word_1_225' title='bbox 1188 1957 1335 1991; x_wconf 87' lang='lat' dir='ltr'>invenit.</span> <span class='ocrx_word' id='word_1_226' title='bbox 1383 1958 1427 1990; x_wconf 83' lang='lat' dir='ltr'>ad</span> <span class='ocrx_word' id='word_1_227' title='bbox 1450 1958 1538 1992; x_wconf 78' lang='lat' dir='ltr'>haee</span> 
     </span>
     <span class='ocr_line' id='line_1_29' title="bbox 99 2001 1535 2052; baseline 0.003 -17"><span class='ocrx_word' id='word_1_228' title='bbox 99 2002 300 2047; x_wconf 81' lang='lat' dir='ltr'>Nicephoro</span> <span class='ocrx_word' id='word_1_229' title='bbox 336 2001 440 2035; x_wconf 82' lang='lat' dir='ltr'>laude</span> <span class='ocrx_word' id='word_1_230' title='bbox 473 2002 580 2047; x_wconf 78' lang='lat' dir='ltr'>digno</span> <span class='ocrx_word' id='word_1_231' title='bbox 609 2002 835 2048; x_wconf 79' lang='lat' dir='ltr'>patriarcha,</span> <span class='ocrx_word' id='word_1_232' title='bbox 874 2009 910 2035; x_wconf 90' lang='lat' dir='ltr'>et</span> <span class='ocrx_word' id='word_1_233' title='bbox 933 2003 995 2047; x_wconf 91' lang='lat' dir='ltr'>qui</span> <span class='ocrx_word' id='word_1_234' title='bbox 1022 2015 1100 2036; x_wconf 91' lang='lat' dir='ltr'>cum</span> <span class='ocrx_word' id='word_1_235' title='bbox 1127 2004 1204 2049; x_wconf 88' lang='lat' dir='ltr'>ipso</span> <span class='ocrx_word' id='word_1_236' title='bbox 1231 2010 1331 2038; x_wconf 85' lang='lat' dir='ltr'>erant</span> <span class='ocrx_word' id='word_1_237' title='bbox 1357 2006 1535 2052; x_wconf 85' lang='lat' dir='ltr'>episcopis</span> 
     </span>
     <span class='ocr_line' id='line_1_30' title="bbox 98 2049 1534 2097; baseline 0.002 -15"><span class='ocrx_word' id='word_1_238' title='bbox 98 2059 214 2082; x_wconf 86' lang='lat' dir='ltr'>coram</span> <span class='ocrx_word' id='word_1_239' title='bbox 239 2055 362 2082; x_wconf 83' lang='lat' dir='ltr'>senatu</span> <span class='ocrx_word' id='word_1_240' title='bbox 388 2051 543 2091; x_wconf 84' lang='lat' dir='ltr'>vocatis,</span> <span class='ocrx_word' id='word_1_241' title='bbox 580 2050 631 2083; x_wconf 83' lang='lat' dir='ltr'>ait</span> <span class='ocrx_word' id='word_1_242' title='bbox 658 2049 888 2082; x_wconf 85' lang='lat' dir='ltr'>“nullatenus</span> <span class='ocrx_word' id='word_1_243' title='bbox 921 2061 982 2083; x_wconf 84' lang='lat' dir='ltr'>vos</span> <span class='ocrx_word' id='word_1_244' title='bbox 1019 2050 1109 2084; x_wconf 83' lang='lat' dir='ltr'>latet</span> <span class='ocrx_word' id='word_1_245' title='bbox 1143 2052 1324 2084; x_wconf 81' lang='lat' dir='ltr'>emersisse</span> <span class='ocrx_word' id='word_1_246' title='bbox 1350 2053 1534 2097; x_wconf 85' lang='lat' dir='ltr'>quosdam,</span> 
     </span>
     <span class='ocr_line' id='line_1_31' title="bbox 98 2096 1533 2143; baseline 0.003 -15"><span class='ocrx_word' id='word_1_247' title='bbox 98 2096 268 2140; x_wconf 81' lang='lat' dir='ltr'>imagines</span> <span class='ocrx_word' id='word_1_248' title='bbox 291 2108 365 2129; x_wconf 89' lang='lat' dir='ltr'>non</span> <span class='ocrx_word' id='word_1_249' title='bbox 403 2096 602 2130; x_wconf 78' lang='lat' dir='ltr'>adorandas</span> <span class='ocrx_word' id='word_1_250' title='bbox 645 2097 878 2129; x_wconf 81' lang='lat' dir='ltr'>asserentes.&#39;&#39;</span> <span class='ocrx_word' id='word_1_251' title='bbox 935 2096 1129 2142; x_wconf 77' lang='lat' dir='ltr'>derepente</span> <span class='ocrx_word' id='word_1_252' title='bbox 1162 2109 1245 2132; x_wconf 83' lang='lat' dir='ltr'>vero</span> <span class='ocrx_word' id='word_1_253' title='bbox 1270 2109 1368 2131; x_wconf 82' lang='lat' dir='ltr'>sacer</span> <span class='ocrx_word' id='word_1_254' title='bbox 1396 2099 1533 2143; x_wconf 82' lang='lat' dir='ltr'>Euthy-</span> 
     </span>
     <span class='ocr_line' id='line_1_32' title="bbox 98 2142 1532 2191; baseline 0.003 -16"><span class='ocrx_word' id='word_1_255' title='bbox 98 2143 188 2176; x_wconf 89' lang='lat' dir='ltr'>mius</span> <span class='ocrx_word' id='word_1_256' title='bbox 213 2143 377 2176; x_wconf 81' lang='lat' dir='ltr'>Sardium</span> <span class='ocrx_word' id='word_1_257' title='bbox 417 2144 603 2190; x_wconf 88' lang='lat' dir='ltr'>episcopus</span> <span class='ocrx_word' id='word_1_258' title='bbox 647 2155 725 2176; x_wconf 87' lang='lat' dir='ltr'>cum</span> <span class='ocrx_word' id='word_1_259' title='bbox 762 2142 891 2175; x_wconf 87' lang='lat' dir='ltr'>fiducia</span> <span class='ocrx_word' id='word_1_260' title='bbox 929 2154 1098 2188; x_wconf 86' lang='lat' dir='ltr'>perorans</span> <span class='ocrx_word' id='word_1_261' title='bbox 1126 2155 1169 2178; x_wconf 82' lang='lat' dir='ltr'>ex</span> <span class='ocrx_word' id='word_1_262' title='bbox 1196 2145 1323 2178; x_wconf 83' lang='lat' dir='ltr'>divinis</span> <span class='ocrx_word' id='word_1_263' title='bbox 1350 2147 1532 2191; x_wconf 79' lang='lat' dir='ltr'>scripturis</span> 
     </span>
     <span class='ocr_line' id='line_1_33' title="bbox 98 2189 1533 2233; baseline 0.003 -11"><span class='ocrx_word' id='word_1_264' title='bbox 98 2189 307 2233; x_wconf 84' lang='lat' dir='ltr'>obiurgavit.</span> <span class='ocrx_word' id='word_1_265' title='bbox 355 2202 433 2223; x_wconf 89' lang='lat' dir='ltr'>cum</span> <span class='ocrx_word' id='word_1_266' title='bbox 459 2202 501 2224; x_wconf 91' lang='lat' dir='ltr'>eo</span> <span class='ocrx_word' id='word_1_267' title='bbox 525 2190 747 2230; x_wconf 81' lang='lat' dir='ltr'>Theodorus,</span> <span class='ocrx_word' id='word_1_268' title='bbox 779 2189 921 2223; x_wconf 86' lang='lat' dir='ltr'>feruens</span> <span class='ocrx_word' id='word_1_269' title='bbox 949 2190 1168 2224; x_wconf 78' lang='lat' dir='ltr'>orthodoxae</span> <span class='ocrx_word' id='word_1_270' title='bbox 1197 2192 1279 2225; x_wconf 84' lang='lat' dir='ltr'>fidei</span> <span class='ocrx_word' id='word_1_271' title='bbox 1306 2193 1473 2227; x_wconf 76' lang='lat' dir='ltr'>defensor</span> <span class='ocrx_word' id='word_1_272' title='bbox 1496 2200 1533 2227; x_wconf 84' lang='lat' dir='ltr'>et</span> 
     </span>
     <span class='ocr_line' id='line_1_34' title="bbox 97 2236 1531 2282; baseline 0.003 -13"><span class='ocrx_word' id='word_1_273' title='bbox 97 2236 212 2269; x_wconf 86' lang='lat' dir='ltr'>Studii</span> <span class='ocrx_word' id='word_1_274' title='bbox 238 2239 474 2282; x_wconf 84' lang='lat' dir='ltr'>praepositus,</span> <span class='ocrx_word' id='word_1_275' title='bbox 502 2238 554 2271; x_wconf 83' lang='lat' dir='ltr'>ait</span> <span class='ocrx_word' id='word_1_276' title='bbox 578 2243 661 2279; x_wconf 76' lang='lat' dir='ltr'>“ne,</span> <span class='ocrx_word' id='word_1_277' title='bbox 685 2238 888 2282; x_wconf 84' lang='lat' dir='ltr'>imperator,</span> <span class='ocrx_word' id='word_1_278' title='bbox 916 2238 1086 2271; x_wconf 84' lang='lat' dir='ltr'>ecclesiae</span> <span class='ocrx_word' id='word_1_279' title='bbox 1111 2243 1239 2272; x_wconf 79' lang='lat' dir='ltr'>statum</span> <span class='ocrx_word' id='word_1_280' title='bbox 1266 2240 1440 2273; x_wconf 86' lang='lat' dir='ltr'>immutes.</span> <span class='ocrx_word' id='word_1_281' title='bbox 1465 2241 1531 2279; x_wconf 73' lang='lat' dir='ltr'>tibi</span> 
     </span>
     <span class='ocr_line' id='line_1_35' title="bbox 99 2284 1532 2331; baseline 0.003 -15"><span class='ocrx_word' id='word_1_282' title='bbox 99 2294 214 2316; x_wconf 78' lang='lat' dir='ltr'>rernm</span> <span class='ocrx_word' id='word_1_283' title='bbox 237 2285 461 2329; x_wconf 78' lang='lat' dir='ltr'>politicarum</span> <span class='ocrx_word' id='word_1_284' title='bbox 486 2290 597 2318; x_wconf 81' lang='lat' dir='ltr'>status</span> <span class='ocrx_word' id='word_1_285' title='bbox 625 2291 662 2318; x_wconf 90' lang='lat' dir='ltr'>et</span> <span class='ocrx_word' id='word_1_286' title='bbox 686 2285 860 2318; x_wconf 74' lang='lat' dir='ltr'>exercitus</span> <span class='ocrx_word' id='word_1_287' title='bbox 895 2284 1070 2318; x_wconf 89' lang='lat' dir='ltr'>incumbit</span> <span class='ocrx_word' id='word_1_288' title='bbox 1098 2296 1192 2318; x_wconf 77' lang='lat' dir='ltr'>cura.</span> <span class='ocrx_word' id='word_1_289' title='bbox 1243 2286 1365 2319; x_wconf 83' lang='lat' dir='ltr'>horum</span> <span class='ocrx_word' id='word_1_290' title='bbox 1394 2293 1532 2331; x_wconf 81' lang='lat' dir='ltr'>satage:</span> 
     </span>
     <span class='ocr_line' id='line_1_36' title="bbox 96 2331 1532 2378; baseline 0.003 -16"><span class='ocrx_word' id='word_1_291' title='bbox 96 2331 278 2363; x_wconf 82' lang='lat' dir='ltr'>ecclesiam</span> <span class='ocrx_word' id='word_1_292' title='bbox 302 2342 383 2365; x_wconf 85' lang='lat' dir='ltr'>vero</span> <span class='ocrx_word' id='word_1_293' title='bbox 417 2332 455 2364; x_wconf 89' lang='lat' dir='ltr'>in</span> <span class='ocrx_word' id='word_1_294' title='bbox 481 2332 551 2365; x_wconf 87' lang='lat' dir='ltr'>fide</span> <span class='ocrx_word' id='word_1_295' title='bbox 589 2331 786 2365; x_wconf 85' lang='lat' dir='ltr'>orthodoxa</span> <span class='ocrx_word' id='word_1_296' title='bbox 811 2342 995 2376; x_wconf 85' lang='lat' dir='ltr'>superesse</span> <span class='ocrx_word' id='word_1_297' title='bbox 1019 2333 1219 2378; x_wconf 82' lang='lat' dir='ltr'>permitte.&#39;’</span> <span class='ocrx_word' id='word_1_298' title='bbox 1283 2339 1451 2376; x_wconf 72' lang='lat' dir='ltr'>tyrannus</span> <span class='ocrx_word' id='word_1_299' title='bbox 1476 2335 1532 2367; x_wconf 82' lang='lat' dir='ltr'>his</span> 
     </span>
     <span class='ocr_line' id='line_1_37' title="bbox 95 2377 1531 2422; baseline 0.005 -14"><span class='ocrx_word' id='word_1_300' title='bbox 95 2377 227 2410; x_wconf 84' lang='lat' dir='ltr'>auditis</span> <span class='ocrx_word' id='word_1_301' title='bbox 253 2378 369 2411; x_wconf 85' lang='lat' dir='ltr'>furore</span> <span class='ocrx_word' id='word_1_302' title='bbox 394 2390 576 2418; x_wconf 82' lang='lat' dir='ltr'>accensus,</span> <span class='ocrx_word' id='word_1_303' title='bbox 612 2379 757 2412; x_wconf 86' lang='lat' dir='ltr'>leonum</span> <span class='ocrx_word' id='word_1_304' title='bbox 781 2390 876 2411; x_wconf 89' lang='lat' dir='ltr'>more</span> <span class='ocrx_word' id='word_1_305' title='bbox 894 2404 904 2419; x_wconf 91' lang='lat'><em>‚</em></span> <span class='ocrx_word' id='word_1_306' title='bbox 938 2389 1018 2411; x_wconf 84' lang='lat' dir='ltr'>cum</span> <span class='ocrx_word' id='word_1_307' title='bbox 1053 2379 1175 2412; x_wconf 86' lang='lat' dir='ltr'>simius</span> <span class='ocrx_word' id='word_1_308' title='bbox 1199 2386 1302 2422; x_wconf 83' lang='lat' dir='ltr'>esset,</span> <span class='ocrx_word' id='word_1_309' title='bbox 1329 2381 1531 2421; x_wconf 80' lang='lat' dir='ltr'>infremens,</span> 
     </span>
     <span class='ocr_line' id='line_1_38' title="bbox 95 2426 1533 2473; baseline 0.003 -17"><span class='ocrx_word' id='word_1_310' title='bbox 95 2429 242 2457; x_wconf 86' lang='lat' dir='ltr'>cunctos</span> <span class='ocrx_word' id='word_1_311' title='bbox 268 2426 426 2458; x_wconf 84' lang='lat' dir='ltr'>evomitis</span> <span class='ocrx_word' id='word_1_312' title='bbox 451 2426 589 2458; x_wconf 82' lang='lat' dir='ltr'>iniuriis</span> <span class='ocrx_word' id='word_1_313' title='bbox 614 2427 730 2465; x_wconf 86' lang='lat' dir='ltr'>eiecit,</span> <span class='ocrx_word' id='word_1_314' title='bbox 751 2437 986 2470; x_wconf 83' lang='lat' dir='ltr'>magnumque</span> <span class='ocrx_word' id='word_1_315' title='bbox 1012 2426 1250 2471; x_wconf 86' lang='lat' dir='ltr'>Nicephorum</span> <span class='ocrx_word' id='word_1_316' title='bbox 1279 2428 1422 2461; x_wconf 87' lang='lat' dir='ltr'>civitate</span> <span class='ocrx_word' id='word_1_317' title='bbox 1448 2429 1533 2473; x_wconf 88' lang='lat' dir='ltr'>pul-</span> 
     </span>
     <span class='ocr_line' id='line_1_39' title="bbox 96 2471 1532 2518; baseline 0.005 -16"><span class='ocrx_word' id='word_1_318' title='bbox 96 2483 170 2504; x_wconf 86' lang='lat' dir='ltr'>sum</span> <span class='ocrx_word' id='word_1_319' title='bbox 201 2477 238 2504; x_wconf 89' lang='lat' dir='ltr'>et</span> <span class='ocrx_word' id='word_1_320' title='bbox 260 2471 486 2505; x_wconf 86' lang='lat' dir='ltr'>Theodorum</span> <span class='ocrx_word' id='word_1_321' title='bbox 512 2474 643 2518; x_wconf 86' lang='lat' dir='ltr'>pariter</span> <span class='ocrx_word' id='word_1_322' title='bbox 661 2472 777 2506; x_wconf 84' lang='lat' dir='ltr'>studii</span> <span class='ocrx_word' id='word_1_323' title='bbox 803 2473 1045 2518; x_wconf 80' lang='lat' dir='ltr'>praepositum</span> <span class='ocrx_word' id='word_1_324' title='bbox 1069 2474 1107 2509; x_wconf 84' lang='lat' dir='ltr'>in</span> <span class='ocrx_word' id='word_1_325' title='bbox 1131 2474 1275 2507; x_wconf 86' lang='lat' dir='ltr'>exilium</span> <span class='ocrx_word' id='word_1_326' title='bbox 1301 2475 1384 2518; x_wconf 83' lang='lat' dir='ltr'>egit,</span> <span class='ocrx_word' id='word_1_327' title='bbox 1409 2475 1532 2509; x_wconf 84' lang='lat' dir='ltr'>Theo—</span> 
     </span>
     <span class='ocr_line' id='line_1_40' title="bbox 95 2518 1531 2566; baseline 0.004 -16"><span class='ocrx_word' id='word_1_328' title='bbox 95 2518 217 2550; x_wconf 77' lang='lat' dir='ltr'>dotum</span> <span class='ocrx_word' id='word_1_329' title='bbox 245 2530 327 2551; x_wconf 89' lang='lat' dir='ltr'>vero</span> <span class='ocrx_word' id='word_1_330' title='bbox 357 2519 565 2553; x_wconf 83' lang='lat' dir='ltr'>Cassiteram</span> <span class='ocrx_word' id='word_1_331' title='bbox 602 2519 838 2564; x_wconf 75' lang='lat' dir='ltr'>patriarcham</span> <span class='ocrx_word' id='word_1_332' title='bbox 873 2519 1031 2552; x_wconf 82' lang='lat' dir='ltr'>ordinari</span> <span class='ocrx_word' id='word_1_333' title='bbox 1059 2521 1253 2566; x_wconf 82' lang='lat' dir='ltr'>praecepit.</span> <span class='ocrx_word' id='word_1_334' title='bbox 1302 2522 1345 2553; x_wconf 90' lang='lat' dir='ltr'>ab</span> <span class='ocrx_word' id='word_1_335' title='bbox 1375 2533 1417 2554; x_wconf 91' lang='lat' dir='ltr'>eo</span> <span class='ocrx_word' id='word_1_336' title='bbox 1440 2528 1531 2556; x_wconf 83' lang='lat' dir='ltr'>tem-</span> 
     </span>
     <span class='ocr_line' id='line_1_41' title="bbox 93 2565 1530 2612; baseline 0.003 -15"><span class='ocrx_word' id='word_1_337' title='bbox 93 2576 180 2610; x_wconf 87' lang='lat' dir='ltr'>pore</span> <span class='ocrx_word' id='word_1_338' title='bbox 205 2565 314 2598; x_wconf 84' lang='lat' dir='ltr'>animi</span> <span class='ocrx_word' id='word_1_339' title='bbox 339 2565 492 2598; x_wconf 86' lang='lat' dir='ltr'>furorem</span> <span class='ocrx_word' id='word_1_340' title='bbox 517 2566 710 2612; x_wconf 88' lang='lat' dir='ltr'>dolumque</span> <span class='ocrx_word' id='word_1_341' title='bbox 740 2566 962 2611; x_wconf 82' lang='lat' dir='ltr'>profundens</span> <span class='ocrx_word' id='word_1_342' title='bbox 993 2567 1139 2612; x_wconf 79' lang='lat' dir='ltr'>impuris</span> <span class='ocrx_word' id='word_1_343' title='bbox 1166 2568 1339 2611; x_wconf 74' lang='lat' dir='ltr'>sacrilegii</span> <span class='ocrx_word' id='word_1_344' title='bbox 1365 2569 1419 2601; x_wconf 89' lang='lat' dir='ltr'>sui</span> <span class='ocrx_word' id='word_1_345' title='bbox 1441 2581 1530 2602; x_wconf 88' lang='lat' dir='ltr'>con-</span> 
     </span>
     <span class='ocr_line' id='line_1_42' title="bbox 93 2612 1529 2660; baseline 0.003 -16"><span class='ocrx_word' id='word_1_346' title='bbox 93 2612 175 2644; x_wconf 82' lang='lat' dir='ltr'>sciis</span> <span class='ocrx_word' id='word_1_347' title='bbox 199 2622 236 2644; x_wconf 90' lang='lat' dir='ltr'>se</span> <span class='ocrx_word' id='word_1_348' title='bbox 262 2613 376 2656; x_wconf 87' lang='lat' dir='ltr'>ipsum</span> <span class='ocrx_word' id='word_1_349' title='bbox 397 2613 578 2647; x_wconf 84' lang='lat' dir='ltr'>commisit.</span> <span class='ocrx_word' id='word_1_350' title='bbox 628 2614 683 2646; x_wconf 83' lang='lat' dir='ltr'>illi</span> <span class='ocrx_word' id='word_1_351' title='bbox 709 2614 898 2646; x_wconf 80' lang='lat' dir='ltr'>familiares</span> <span class='ocrx_word' id='word_1_352' title='bbox 923 2613 1054 2647; x_wconf 83' lang='lat' dir='ltr'>redditi</span> <span class='ocrx_word' id='word_1_353' title='bbox 1079 2615 1145 2647; x_wconf 82' lang='lat' dir='ltr'>tria</span> <span class='ocrx_word' id='word_1_354' title='bbox 1173 2615 1259 2646; x_wconf 86' lang='lat' dir='ltr'>olim</span> <span class='ocrx_word' id='word_1_355' title='bbox 1285 2616 1351 2659; x_wconf 87' lang='lat' dir='ltr'>ipsi</span> <span class='ocrx_word' id='word_1_356' title='bbox 1377 2617 1529 2660; x_wconf 83' lang='lat' dir='ltr'>promis-</span> 
     </span>
     <span class='ocr_line' id='line_1_43' title="bbox 94 2658 1529 2706; baseline 0.003 -15"><span class='ocrx_word' id='word_1_357' title='bbox 94 2669 132 2691; x_wconf 79' lang='lat' dir='ltr'>sa</span> <span class='ocrx_word' id='word_1_358' title='bbox 158 2663 194 2692; x_wconf 87' lang='lat' dir='ltr'>et</span> <span class='ocrx_word' id='word_1_359' title='bbox 221 2658 338 2691; x_wconf 82' lang='lat' dir='ltr'>eidem</span> <span class='ocrx_word' id='word_1_360' title='bbox 364 2659 517 2692; x_wconf 84' lang='lat' dir='ltr'>iucunda</span> <span class='ocrx_word' id='word_1_361' title='bbox 544 2666 816 2705; x_wconf 81' lang='lat' dir='ltr'>suggesserunt,</span> <span class='ocrx_word' id='word_1_362' title='bbox 850 2660 1070 2694; x_wconf 77' lang='lat' dir='ltr'>orthodoxae</span> <span class='ocrx_word' id='word_1_363' title='bbox 1100 2660 1183 2693; x_wconf 87' lang='lat' dir='ltr'>fidei</span> <span class='ocrx_word' id='word_1_364' title='bbox 1207 2667 1346 2694; x_wconf 82' lang='lat' dir='ltr'>nostrae</span> <span class='ocrx_word' id='word_1_365' title='bbox 1373 2662 1529 2706; x_wconf 77' lang='lat' dir='ltr'>abnega-</span> 
     </span>
     <span class='ocr_line' id='line_1_44' title="bbox 88 2705 1528 2754; baseline 0.002 -16"><span class='ocrx_word' id='word_1_366' title='bbox 88 2705 245 2745; x_wconf 78' lang='lat' dir='ltr'>-tionem,</span> <span class='ocrx_word' id='word_1_367' title='bbox 285 2717 456 2738; x_wconf 83' lang='lat' dir='ltr'>sacrarum</span> <span class='ocrx_word' id='word_1_368' title='bbox 492 2707 680 2752; x_wconf 79' lang='lat' dir='ltr'>imaginum</span> <span class='ocrx_word' id='word_1_369' title='bbox 717 2707 976 2753; x_wconf 82' lang='lat' dir='ltr'>depositionem</span> <span class='ocrx_word' id='word_1_370' title='bbox 1006 2713 1042 2742; x_wconf 88' lang='lat' dir='ltr'>et</span> <span class='ocrx_word' id='word_1_371' title='bbox 1063 2708 1200 2753; x_wconf 88' lang='lat' dir='ltr'>piorum</span> <span class='ocrx_word' id='word_1_372' title='bbox 1235 2712 1528 2754; x_wconf 79' lang='lat' dir='ltr'>persecutionem.</span> 
     </span>
    </p>
   </div>
   <div class='ocr_carea' id='block_1_6' title="bbox 171 2779 1280 2815">
    <p class='ocr_par' dir='ltr' id='par_1_6' title="bbox 171 2779 1280 2815">
     <span class='ocr_line' id='line_1_45' title="bbox 171 2779 1280 2815; baseline 0.001 -1"><span class='ocrx_word' id='word_1_373' title='bbox 171 2780 242 2814; x_wconf 82' lang='lat' dir='ltr'>Leo</span> <span class='ocrx_word' id='word_1_374' title='bbox 272 2781 547 2814; x_wconf 75' lang='lat' dir='ltr'>Grammaticus.</span> <span class='ocrx_word' id='word_1_375' title='bbox 732 2804 735 2807; x_wconf 88' lang='lat'>-</span> <span class='ocrx_word' id='word_1_376' title='bbox 1237 2779 1280 2815; x_wconf 83' lang='lat'>14</span> 
     </span>
    </p>
   </div>
  </div>
 </body>
</html>
