1806 3158
247 161 311 210 44
646 150 866 224 [ιΕοΝιε
909 149 1285 223 GRAMMATlcl]

245 269 426 325 στήσας,
457 268 501 311 ὃν
540 271 613 312 καί
657 271 850 311 Σεδεκίαν
892 266 1165 321 μετωνόμασε
1184 299 1196 319 ,
1227 269 1299 309 ἐπὶ
1328 269 1401 321 τῆς
1428 266 1579 315 οἰκείας
1610 268 1686 321 γῆς

243 339 340 390 μεθ’
367 337 546 391 ἡσυχίας
585 335 721 386 μένειν
750 335 918 384 ἐδίδου,
955 331 1225 386 κομιζόμενος
1267 328 1349 373 ἀπὸ
1379 332 1457 373 τοῦ
1487 333 1683 374 Σεδεκίου

246 401 324 451 τὰς
355 402 544 455 ἐτησίους
573 398 804 455 ἀποφοράς.
872 401 935 440 ἐπ’
964 400 1083 441 ἐννέα
1122 401 1199 452 μὲν
1226 397 1298 451 ἔτη
1329 395 1479 440 τούτου
1507 395 1560 438 τὰ
1586 399 1682 452 τέλη

244 467 588 520 παραπέμποντος
614 463 826 519 ἡσύχασεν
853 463 877 506 ὅ
906 465 1097 518 Ἰσραήλ·
1163 463 1266 505 κατὰ
1299 465 1345 504 δὲ
1374 466 1516 505 τοῦτον
1549 462 1572 504 ὅ
1601 465 1683 505 Σε-

245 535 383 581 δεκίας
410 531 482 574 τὸν
509 528 700 572 ἐνιαυτὸν
729 530 921 585 α’ποστάς,
951 529 1023 571 καί
1048 527 1159 586 πάσῃ
1187 529 1255 571 τὸν
1283 528 1380 570 θεὸν
1409 529 1481 570 καί
1506 527 1573 571 τὸν
1599 531 1714 583 Boc-5

244 600 362 641 σιλέα
390 594 772 652 παραλογισάμενος
793 595 1073 653 ἀγνωμοσύνῃ,
1103 597 1299 652 παρορμᾷ
1315 594 1439 637 πάλιν
1465 594 1569 636 κατὰ
1599 597 1690 638 τῶν
1742 599 1743 605 ’

238 664 535 718 Ἱεροσολύμων
564 660 635 704 τὸν
666 662 1057 715 Ναβουχοδονόσορ.
1114 658 1135 702 ὅ
1169 662 1215 702 δὲ
1245 659 1320 715 τῆν
1351 659 1472 702 πόλιν
1501 661 1680 718 δευτέρῳ

240 730 471 784 πολιορκῶν
511 726 596 770 ἔτει
628 730 876 782 χειροῦται,
919 727 990 768 καὶ
1026 727 1097 769 τὸν
1140 725 1242 769 ναὸν
1271 727 1482 784 ε’μπιπρᾷ,
1508 726 1582 768 καί
1604 727 1682 768 τοῦ

239 797 435 837 Σεδεκιόυ
465 795 555 835 κατ’
582 788 680 847 ἷῖψιν
707 794 843 835 ἀνεῖλε
873 792 971 841 τούς
998 795 1165 845 παῖδας,
1197 793 1383 834 κιίκεῖνον
1411 791 1681 848 ἐκτυφλώσας

239 863 312 902 καί
336 862 481 908 πέδαις
509 858 744 913 περιβαλών
773 857 861 912 ἅμα
897 861 1022 901 παντί
1048 861 1106 916 τῷ
1134 861 1221 916 λαῷ
1248 858 1420 912 κατάγει
1446 858 1506 907 εἰς
1534 860 1677 911 Βαβυ-
1691 866 1735 901 10

238 929 361 980 λιόνα,
381 927 420 966 Γ
418 928 534 966 ολιάν
564 929 648 967 τῶν
674 926 899 966 ἐπιλοίπων
924 923 1109 980 ἱἡγεμόνα
1137 923 1409 978 καταστήσας,
1437 921 1531 964 υἱὸν
1553 922 1678 977 Ἀχι-

237 993 324 1033 κάν.
384 993 455 1033 καί
480 992 605 1033 τοῦτο
642 993 720 1045 μὲν
762 989 801 1032 οἱ
839 991 1013 1033 δυνατοὶ
1054 993 1138 1032 ταῖν
1167 989 1322 1032 αότόθι
1349 992 1580 1043 κατέλιπον,
1607 990 1682 1030 καὶ

235 1056 441 1106 ἀνελόντες
469 1057 766 1111 ἀναχωροῦσι,
806 1055 990 1106 δεδιότες
1028 1054 1126 1104 τούς
1151 1057 1409 1109 Χαλδαίους,
1437 1051 1678 1108 ἀπάραντες

232 1126 293 1172 εἰς
317 1122 542 1179 Αἴγυπτον,
571 1121 675 1164 ἔνθα
703 1124 796 1175 μετ’
824 1118 872 1163 οὗ
902 1120 1006 1163 πολύ
1037 1121 1369 1177 διαφθείρονται,
1401 1122 1582 1175 ζηλωταί
1606 1121 1686 1176 τῆς

231 1190 522 1244 Αἰγυπτιακῆς
549 1187 760 1243 γενόμενοι
790 1189 1131 1240 δεισιδαιμονίας.
1580 1194 1583 1198 ’
1689 1199 1733 1234 15

337 1255 533 1304 Σεδεκίας
559 1257 605 1296 δὲ
635 1252 837 1308 α’πάγεται
865 1252 914 1296 τά
948 1256 1085 1295 πάντα
1112 1252 1366 1306 βασιλεύσας
1395 1250 1464 1306 ἔτη
1497 1251 1576 1293 ια’.’
1624 1243 1676 1305 ἦν

229 1316 453 1375 ἆρχιερεὺς
483 1322 550 1362 ἐπ’
580 1321 713 1362 αὐτοῦ
740 1322 900 1374 Ἀρὲας,
927 1321 1000 1360 καί
1025 1319 1311 1374 προεφήτευον
1338 1319 1380 1358 ἐν
1396 1319 1474 1370 μὲν
1500 1318 1546 1373 τῇ
1575 1316 1676 1358 Ἰου-

230 1388 329 1442 δαίᾳ
350 1383 553 1439 Ἱερεμίας
582 1387 624 1427 ἐν
653 1387 699 1428 δὲ
728 1386 778 1442 τῇ
808 1386 1035 1437 Βαβυλῶνι
1064 1384 1250 1438 Λανιήλ·
1286 1382 1392 1424 κατὰ
1428 1384 1474 1424 δὲ
1499 1381 1544 1425 τὸ
1578 1381 1675 1424 δεύ-

230 1468 350 1508 τερον
378 1455 452 1506 τῆς
481 1453 773 1505 αἰχμαλωσίας
801 1450 873 1492 καί
897 1453 971 1504 τῆς
989 1452 1184 1491 Σεδεκίου
1207 1451 1422 1503 βασιλείας
1453 1446 1542 1498 ἔτος
1569 1446 1674 1502 ἐμή..

230 1521 330 1560 νυσὲ
356 1533 398 1560 τε
428 1520 500 1559 καί
523 1519 698 1572 διέκρινε
730 1515 776 1559 τὸ
810 1516 1005 1558 ἐνύπνιον
1043 1518 1101 1572 τῷ
1127 1513 1515 1569 Ναβουχοδονόσορ.
1573 1513 1596 1555 ὅ
1624 1515 1732 1560 ’δὲρο

223 1582 421 1637 Ἰεζεκιὴλ
448 1582 553 1625 κατὰ
594 1582 640 1624 τὸ
671 1584 855 1635 πέμπτον
895 1583 1032 1623 αὐτῶν
1062 1580 1153 1629 ἔτος
1179 1579 1474 1636 προεφήτευεν.
1531 1577 1675 1621 ἔπειτα

230 1650 482 1706 προφητεύει
509 1650 666 1701 Ναούμ
693 1651 764 1690 καί
790 1650 1036 1701 ,Μαλαχίας
1091 1648 1167 1688 τοῦ
1183 1647 1379 1687 Σεδεκίου
1407 1645 1674 1699 τελευτήσαν-

230 1730 300 1763 τος
320 1717 363 1756 ἑν
389 1716 617 1768 Βαβυλῶνι
633 1715 691 1763 εἰς
709 1714 781 1755 τόν
807 1716 1021 1755 ἐπίλοιπον
1046 1715 1119 1768 τῆς
1148 1711 1546 1770 ἑβδομηκονταετίας
1568 1710 1673 1766 χρό-

232 1795 314 1835 νον,
341 1779 447 1834 μετα
476 1779 619 1822 ἕνδεκα
648 1778 718 1836 ἔτη
746 1779 815 1834 τῆς
841 1780 918 1821 τοῦ
953 1780 1145 1821 Σεδεκίου
1177 1779 1394 1832 βασιλείας
1425 1772 1604 1834 ἤρξαντο
1632 1775 1672 1819 οἱ

328 1904 360 1936 1.
373 1904 629 1959 'xazwrdpoeoe
644 1903 670 1937 C
766 1903 819 1937 12.
847 1902 1002 1939 τοῦτονί)
1096 1901 1150 1935 17.
1170 1901 1293 1940 αὐτοῖς
1309 1900 1335 1934 C
1429 1900 1484 1934 20.
1509 1902 1560 1947 τε]
1588 1900 1628 1936 δὲ
1642 1900 1670 1935 C

235 2028 332 2050 snam
359 2022 486 2057 terram
499 2017 709 2058 incolerent,
734 2027 850 2050 annua
868 2015 1003 2050 tributa
1018 2026 1036 2047 a
1049 2014 1200 2047 Sedekia
1212 2014 1401 2059 accipiens.
1418 2024 1543 2046 novem
1557 2024 1669 2047 annos

234 2065 298 2097 illo
325 2064 461 2097 tributa
489 2064 660 2097 reddente
685 2064 801 2108 pacati
820 2063 964 2096 suerunt
989 2062 1181 2095 Israelitae.
1230 2060 1291 2094 sed
1311 2072 1352 2093 eo
1377 2071 1469 2092 anno
1499 2059 1669 2094 Sedekias

234 2111 366 2144 defecit
381 2111 549 2156 omnique
570 2109 797 2156 superbia·et
815 2109 920 2143 deum
947 2115 984 2143 et
1010 2119 1126 2152 regem
1153 2108 1301 2142 offendit
1315 2107 1502 2152 effecitque
1532 2112 1572 2139 ut
1599 2107 1669 2140 ite-

234 2169 310 2190 rum
333 2157 664 2191 Nabuchodonosor
700 2157 946 2201 Hierosolyma
980 2160 1129 2202 peteret.
1189 2155 1250 2200 qui
1291 2166 1398 2199 quum
1423 2153 1579 2187 secundo
1603 2153 1669 2186 ob-

232 2205 395 2237 sessionis
439 2216 532 2237 anno
565 2205 651 2237 urhe
685 2205 820 2249 potitus
861 2209 971 2244 esset,
1014 2208 1050 2236 et
1084 2201 1253 2246 templum
1278 2200 1438 2234 incendit
1480 2206 1516 2233 et
1553 2211 1668 2234 coram

232 2250 406 2284 Sedekiae
446 2251 557 2284 oculis
583 2252 675 2284 filios
702 2251 778 2284 eius
803 2251 955 2284 necavit.
1015 2250 1128 2294 ipsum
1155 2248 1353 2281 excaecavit
1378 2253 1414 2280 et
1439 2247 1668 2291 compedibus

232 2298 386 2331 vinctum
416 2310 494 2330 cum
523 2300 618 2330 omni
655 2298 790 2343 populo
824 2298 1040 2340 Babylonem
1081 2295 1204 2335 duxit,
1231 2295 1420 2327 constituto
1462 2294 1667 2327 relictorum

235 2345 325 2377 duce
351 2345 455 2377 Galia
499 2343 659 2377 Achikau
692 2345 777 2377 silio.
827 2345 922 2378 hunc
947 2343 1085 2376 nobiles
1121 2342 1353 2375 deseruerunt
1377 2346 1412 2374 et
1437 2341 1668 2382 trucidarunt,

233 2398 268 2424 et
283 2391 479 2424 Chaldaeos
502 2392 773 2424 extimescentes
797 2392 1024 2435 emigrarunt,
1048 2390 1198 2433 profecti
1224 2389 1260 2421 in
1271 2390 1478 2432 Aegyptum,
1509 2387 1568 2419 ubi
1595 2399 1668 2422 uon

231 2439 344 2471 multo
370 2443 451 2482 post
475 2439 628 2482 corrupti
651 2443 744 2478 sunt,
770 2444 958 2472 sectatores
984 2437 1068 2470 facti
1093 2437 1324 2480 Aegyptiacae
1351 2435 1622 2478 superstitionis.

324 2484 493 2518 Sedekias
533 2491 652 2517 autem
676 2484 850 2518 abductus
888 2490 942 2517 est
966 2495 1074 2529 quum
1100 2484 1243 2516 omnino
1269 2486 1446 2525 regnasset
1469 2492 1582 2514 annos
1610 2480 1666 2513 11.

233 2537 309 2563 erat
332 2537 404 2565 tuin
442 2531 607 2576 temporis
631 2542 785 2564 summus
813 2531 973 2564 sacerdos
1004 2532 1110 2564 Areas
1135 2535 1171 2562 et
1188 2528 1447 2574 prophetarunt
1475 2529 1511 2561 in
1535 2526 1668 2560 iudaea

231 2578 397 2610 Ieremias
422 2578 460 2611 in
485 2578 663 2620 Babylone
683 2578 820 2611 Daniel.
870 2579 898 2610 is
926 2578 1037 2610 altero
1067 2577 1166 2609 exilii
1190 2581 1225 2608 et
1249 2573 1422 2608 Sedekiae
1450 2575 1547 2618 regni
1572 2585 1666 2607 anno

232 2625 486 2667 interpretatus
513 2630 567 2658 est
591 2624 766 2657 somnium
797 2623 1218 2667 regiNabuchodonosor.
1245 2622 1396 2654 Iesekiel
1420 2622 1440 2655 5
1470 2623 1545 2654 eius
1570 2631 1666 2654 anno

231 2670 466 2714 prophetavit.
515 2677 638 2717 postea
662 2671 775 2704 Naum
816 2676 852 2704 et
885 2671 1074 2704 Malachias
1098 2669 1365 2716 prophetarunt.
1392 2667 1545 2702 Sedekia
1571 2677 1667 2702 mor-

231 2722 294 2750 tuo
320 2717 499 2760 Babylone
538 2730 600 2764 per
637 2718 793 2764 reliquos
829 2718 872 2751 70
896 2730 1065 2751 annorum
1097 2722 1177 2762 post
1202 2717 1242 2749 11
1270 2728 1378 2751 anuos
1407 2715 1582 2750 Sedekiae
1607 2724 1667 2747 re-
