1838 3132
314 129 385 170 m:
411 125 814 172 'rnEssALoNicA
842 129 878 171 A
903 128 1113 172 LATlms
1141 93 1333 172 CAPTA.
1475 120 1571 173 447

118 221 272 282 ζουσαί
294 243 337 270 τε
378 232 451 272 καί
477 229 689 286 νεάνιδες,
716 231 789 271 καί
813 229 899 284 μὴν
923 233 998 271 καί
1021 226 1123 278 ὅσας
1150 229 1197 271 τὸ
1225 230 1359 285 γῆρας
1387 223 1469 284 ἤδη
1493 245 1571 271 κα-

117 299 290 352 τιιργεῖνι
327 293 461 337 ἐποίει
491 295 549 337 ’τά
585 293 687 350 ἔργα
716 298 1030 351 συγκεκυφυιάς
1065 293 1169 337 ἔνθα
1197 293 1245 337 τὸ
1273 296 1389 343 τέλος
1415 294 1572 337 πεσού-

116 365 253 416 μεθα,
281 359 327 404 αἱ
369 364 565 404 τοιαῦται
605 358 772 412 δόξαιεν
809 357 861 403 ἂν
889 363 1012 403 οὐδέν
1037 378 1078 403 τι
1120 363 1229 417 μέγα
1255 365 1405 416 ποιεῖν,
1431 361 1474 402 εἰ
1499 364 1572 415 καί

118 429 300 482 ἐποίουν,
332 427 378 470 τὸ
407 426 626 471 δύνασθαι·
648 426 900 482 βιαζόμεναι
926 431 1000 470 καί
1027 430 1084 469 δι’
1113 428 1274 482 ἡμέρας
1302 424 1567 482 πονούμεναι.

82 489 215 536 δὸσαι
253 496 300 536 δὲ
343 496 418 535 καί
461 492 564 550 πρὸς
604 492 811 547 ὁπλισμὸν
850 492 1110 548 ἐρρύθμιζον
1148 489 1328 547 ἑαυτάς,
1370 490 1472 549 ῥάκη
1501 495 1574 535 καί

115 552 304 614 ψιάθους
332 559 611 613 ἐναπτόμεναι
645 559 749 602 ὤσει
791 560 868 601 καί
889 574 1007 608 τινας
1040 560 1264 615 θώρακας,
1301 560 1375 602 καί
1401 558 1476 608 τὰς
1502 574 1572 600 κε..

115 627 256 681 φαλάς
284 628 453 680 μίτραις
484 627 545 675 εἰς
573 624 722 681 ἕλιγμα
754 626 1139 680 διαλαμβάνουσαι,
1170 624 1214 668 εἴ
1236 642 1324 675 πως
1361 627 1573 680 στρατιῶ-Γ

114 706 184 733 ται
213 685 321 734 εἶναι
353 692 622 748 σοφίσονται,
660 690 734 734 καί
772 692 921 742 λίθους
949 691 1277 746 ἐπισαττόμεναι
1307 687 1496 746 ἀγαθούς
1522 691 1573 746 ἐκ

110 759 269 813 χειροῖν
298 758 504 815 ἀφίεσθαι
534 762 612 800 τοῦ
638 761 802 813 τείχους
831 761 1029 812 ἐγίνοντο,
1056 758 1130 800 καὶ
1156 757 1214 807 ὥς
1244 754 1364 814 εἶχον
1394 757 1572 812 ἔβαλλον

59 831 102 866 10
114 823 211 873 τοὺς
239 826 436 880 ἐχθρούς,
466 852 519 858 —-
554 825 642 866 ἀλλ’
672 824 800 867 αὐταί
839 824 915 879 τὴν
946 823 1215 878 Ἀμαζόνειον
1242 823 1436 879 ἱστορίαν
1467 840 1572 879 συγ.

112 893 306 945 κροτοῦσι
335 894 407 934 καί
448 888 522 932 οὐκ
553 892 734 946 α’φιᾶσιν
776 893 936 947 ἐκείνην
966 893 1229 945 ἐλέγχεσθαι.
1285 891 1359 933 καί
1384 889 1460 940 τὰς
1479 908 1572 932 ,πα-

111 957 236 1006 λαιὰς
265 959 312 999 δὲ
340 957 639 1012 διακρούονται
680 959 1083 1013 παρευδοκιμοῧσαι,
1118 955 1169 1007 ἃς
1198 957 1373 1010 οἴδαμεν
1401 962 1573 1012 κουραῖς

111 1025 306 1077 κεφαλῶν
343 1025 579 1076 ἐπικουρεῖν
607 1029 707 1072 τοῖς
747 1023 1028 1079 πατριώταις,
1074 1025 1422 1077 σχοινοπλοκοῦσι
1464 1021 1570 1065 κατὰ

109 1092 295 1141 πολέμου
325 1089 564 1144 ἀναγκαίως
593 1091 639 1131 ἐκ
668 1088 868 1132 τοιούτων
895 1093 1080 1144 τριχῶν·
1112 1090 1164 1131 ου’
1191 1087 1272 1144 γάρ
1306 1088 1456 1144 τρίχας
1487 1083 1569 1131 αὖ-

54 1161 96 1194 15
110 1171 180 1196 ται
206 1151 315 1197 ἀλλὰ
345 1155 494 1209 ψυχὰς
523 1156 728 1210 προΐεντο.
786 1156 889 1198 ἰδών
915 1152 968 1198 ἂν
980 1155 1178 1209 Σολομῶν
1210 1155 1344 1206 αότάς
1370 1158 1573 1210 συγκατέ-

105 1232 246 1275 γραψε
274 1223 325 1278 τῇ
353 1224 451 1275 παρ’
482 1223 599 1279 αὐτῷ
629 1223 805 1279 α’·νδρικῇ
833 1225 1023 1278 γυναικί,
1061 1219 1403 1278 προσαπορήσας,
1432 1223 1493 1271 εἷς
1520 1221 1573 1276 ἢν

105 1285 364 1341 προυβάλετο
395 1283 580 1343 ζήτησιν.
636 1287 709 1330 καί
736 1284 788 1342 ἦν
817 1290 947 1331 εἰπεῖν
966 1289 1058 1331 τότε
1087 1287 1187 1338 τούς
1216 1287 1399 1344 ὁρῶντας
1427 1286 1499 1330 τόν
1522 1305 1566 1330 τε

102 1353 248 1396 Δαυῒὸ
273 1353 345 1395 καί
372 1352 474 1402 τούς
498 1354 609 1409 ἄμφ’
653 1353 782 1396 αὐτὸν
814 1354 1071 1404 Δαυϊτικούς
1101 1349 1229 1410 (ἦσαν
1256 1355 1352 1410 γάρ,
1382 1350 1474 1396 ὅσοι
1503 1356 1563 1403 εἰς

102 1416 260 1461 ταῦτὸν
292 1421 432 1478 ἐκείνῳ
459 1419 617 1473 ἐνόουν,
644 1420 751 1462 κακά
790 1424 1048 1477 φρονοῦντες,
1084 1421 1208 1463 ὁποῖα
1235 1420 1287 1463 τὰ
1318 1423 1400 1463 τῶν
1429 1421 1559 1474 κορά-

47 1497 189 1531 Ωοκων
228 1485 439 1528 κολάκων·
506 1487 622 1541 οἵπερ
670 1489 868 1536 ἐπαίνους
900 1486 1151 1541 κρώζοντες,
1188 1489 1259 1544 ἐφ’
1299 1483 1360 1536 οἷς
1413 1489 1568 1538 ἐκεῖνος

106 1554 329 1607 α’φραι’νων
358 1549 436 1608 ἦν,
466 1551 639 1608 ἐφύσων
667 1555 726 1604 εἰς
756 1552 1069 1610 μεγαλειότητα)
1103 1552 1159 1603 ὥς
1191 1552 1235 1596 αἱ
1271 1555 1349 1607 μὲν
1376 1560 1568 1608 γυναῖκες

106 1619 206 1674 ἡμῖν
239 1616 390 1674 ἄνδρες
419 1621 616 1673 ἐγένοντο,
651 1628 842 1674 γυναῖκες
873 1621 919 1662 δὲ
952 1619 990 1661 οἱ
1014 1615 1164 1676 ἄνδρες
1195 1619 1235 1663 οἱ
1265 1622 1562 1671 δαυϊδίζοντες.

1346 1686 1362 1702 Ο

107 1810 183 1838 tum
208 1805 328 1838 fundis
356 1805 604 1850 suggerebant,
630 1811 692 1840 ant
717 1818 844 1852 aquam
865 1807 1117 1853 apportabant,
1145 1806 1394 1842 adolescentes
1414 1807 1500 1842 illae
1527 1813 1563 1842 et

106 1852 262 1897 puellae,
290 1853 379 1898 quin
405 1855 512 1886 etiarn
539 1865 632 1899 quae
661 1859 778 1887 aetate
803 1855 1025 1899 provectiore
1057 1855 1102 1887 ad
1127 1865 1235 1900 opera
1261 1856 1475 1888 infirmiores
1503 1856 1563 1888 sa-

106 1905 185 1932 ctae
213 1904 250 1933 et
274 1905 441 1933 curvatae
471 1907 584 1942 erant,
609 1900 654 1933 ad
678 1902 880 1947 sepulcrum
906 1902 1006 1948 quasi
1037 1902 1223 1947 proclives,
1255 1913 1318 1935 eae
1346 1902 1565 1936 videbantur

105 1945 199 1979 nihil
223 1958 388 1991 magnum
414 1948 544 1989 facere,
569 1949 708 1982 etiamsi
735 1949 941 1990 faciebant,
967 1955 1139 1995 quantum
1166 1954 1346 1995 poterant,
1368 1950 1561 1993 fatigantes

109 2004 146 2027 se
173 2000 209 2027 et
232 2000 309 2027 toto
351 1994 408 2028 die
448 1995 667 2029 laborantes.
730 2002 912 2041 quotquot
948 2003 1066 2030 autem
1095 1997 1139 2030 ad
1170 1997 1307 2042 proelia
1332 2008 1369 2030 se
1393 1997 1562 2039 accinge-

104 2041 211 2083 bant,
243 2042 371 2087 pannis
413 2048 449 2076 et
486 2043 700 2087 tegumentis
730 2044 887 2077 iuncosis
919 2048 1087 2089 tanquam
1124 2044 1235 2077 lorica
1280 2055 1408 2088 corpus
1450 2044 1559 2076 indu-

103 2093 174 2129 tae,
204 2093 240 2122 et
265 2094 373 2134 caput
398 2089 514 2122 fasciis
540 2091 642 2124 tortis
672 2091 825 2132 vinctae,
851 2102 924 2136 quo
954 2091 1121 2125 militiam
1149 2102 1275 2137 parare
1304 2096 1461 2136 possent,
1488 2103 1558 2124 un-

105 2134 214 2180 dique
241 2135 407 2170 advectos
448 2137 587 2182 lapides
623 2138 668 2170 de
693 2149 794 2171 muro
821 2138 1071 2179 conficiebant,
1110 2144 1147 2171 et
1172 2150 1227 2179 eo,
1255 2151 1325 2184 qno
1351 2144 1463 2179 erant,
1491 2138 1559 2171 ha-

103 2182 182 2215 bitu
210 2183 330 2216 hostes
357 2184 580 2218 lacessebant
604 2206 649 2211 -—
674 2186 759 2218 illae
783 2196 865 2218 vero
894 2187 1108 2219 Amazonum
1134 2185 1317 2219 historiam
1346 2186 1557 2230 comproba-

103 2227 203 2269 bant,
233 2241 299 2263 nec
324 2241 399 2264 eam
436 2232 582 2266 refutari
607 2233 859 2278 patiebantur,
895 2243 936 2265 ac
975 2234 1218 2279 reprimebant
1244 2233 1556 2278 obscur-:ibantque

102 2282 240 2309 veteres
265 2278 357 2317 illas,
382 2290 470 2324 quas
499 2279 657 2313 crinibus
695 2281 766 2313 suis
793 2279 999 2313 subvenisse
1040 2280 1178 2316 civibus
1202 2281 1374 2314 traditum
1402 2286 1467 2319 est,
1493 2280 1556 2324 qui

104 2323 208 2356 funes
239 2324 282 2357 ad
307 2325 445 2358 bellum
470 2328 689 2361 necessarios
716 2339 759 2360 ex
784 2328 927 2360 illarum
953 2328 1091 2374 capillis
1118 2333 1322 2362 texuerunt.
1350 2329 1431 2373 ipae
1461 2329 1556 2359 enim

103 2381 176 2404 non
205 2372 330 2412 crines,
355 2372 418 2406 sed
443 2375 577 2407 animas
603 2375 883 2420 profundebant.
917 2385 1008 2420 quas
1033 2376 1060 2408 si
1090 2376 1235 2409 Solomo
1261 2375 1432 2411 vidisset.
1458 2386 1557 2407 com-

102 2417 281 2462 posuisset
316 2430 374 2452 eas
412 2421 495 2454 sorti
521 2423 576 2455 illi
600 2423 743 2456 mulieri
770 2433 867 2461 suae,
893 2421 1025 2455 dubius
1049 2429 1233 2468 praeterea
1258 2422 1302 2455 de
1328 2422 1555 2466 quaestione.

103 2475 210 2510 quam
237 2465 306 2498 sibi
331 2469 530 2513 proposuit.
591 2481 631 2503 ac
656 2470 773 2503 dicere
814 2475 890 2503 tum
927 2476 1094 2514 poterat,
1133 2471 1194 2516 qui
1236 2468 1407 2502 Davidem
1433 2474 1470 2502 et
1494 2471 1554 2514 qui

103 2523 182 2545 eum
208 2512 436 2548 sectabantur
460 2516 650 2550 Davidicos
677 2516 817 2550 videret
854 2517 971 2562 (erant
998 2518 1104 2558 enim,
1131 2518 1192 2563 qui
1222 2529 1300 2551 cum
1327 2516 1391 2549 illo
1421 2519 1554 2550 sentie-

101 2559 201 2599 bant,
226 2561 416 2601 malevoli,
451 2569 492 2596 ut
518 2570 781 2598 consueverunt
818 2565 977 2597 cornices
1008 2564 1212 2598 adulantes:
1241 2566 1300 2609 qui
1327 2563 1450 2597 landes
1477 2575 1557 2596 cro—

100 2607 280 2646 citantes,
319 2609 450 2654 quibus
484 2610 545 2643 ille
575 2611 789 2652 insaniebat,
830 2611 873 2643 ad
903 2612 1106 2657 superbiam
1129 2623 1208 2644 enm
1238 2610 1451 2654 inflabant),
1478 2622 1557 2643 mu-

103 2654 207 2686 lieres
235 2655 340 2688 nobis
380 2658 471 2689 viros
508 2658 615 2691 factas
643 2670 741 2699 esse,
766 2659 858 2691 viros
891 2665 1031 2699 autem,
1056 2660 1118 2704 qui
1148 2658 1274 2692 Davidi
1300 2658 1556 2700 adhaerebant,

103 2701 281 2734 mulieres.
