1838 3132
673 130 748 172 AD
787 129 1024 172 LEONEM.

100 234 315 270 Theodorus
342 233 481 267 Abuces
509 232 707 267 monachus
735 244 802 279 pa-

148 284 198 316 cis
226 282 440 316 conciliator
464 279 548 321 316,
576 279 611 314 9.

101 329 319 365 Theodorus
340 327 634 373 archiepiscopus
663 326 804 360 Crithi-

149 389 216 411 nus
252 377 390 414 dictus,
419 375 503 408 data
540 374 611 408 fide
637 374 805 408 Alexium

153 424 293 458 reducit
318 423 398 463 217,
424 423 460 456 2.
535 423 612 455 eius
647 421 805 454 violatae

151 470 396 517 Theophilum
410 480 576 514 arguens,
589 468 806 502 exilidmul-

151 524 268 552 ctatur
295 517 388 550 ib.3.
446 517 635 550 restitutus
660 527 698 549 se
724 516 806 561 epi-

151 571 302 611 scopato
328 563 476 598 abdicat
499 563 581 604 218,
605 563 640 597 6.

106 611 327 647 Theodorus
365 612 548 645 Matzuces
586 611 734 644 Romani
770 611 808 644 in

153 661 273 693 aulam
301 658 518 704 prodromus
544 657 625 698 299,
657 658 713 692 12.

106 707 322 742 Theodorus
355 707 525 750 magister
549 707 646 751 pacis
684 705 809 738 conci-

155 755 266 788 liator
290 766 309 789 a
326 753 505 798 Symeone
530 754 659 786 missus
676 751 757 793 292,
773 751 808 785 3.

106 801 322 837 Theodorus
360 801 591 835 Constantini
628 800 812 845 paedago-

157 861 221 894 gus
241 850 440 882 Romanum
467 847 699 893 drungarium
726 859 813 893 pro-

158 896 261 930 vehit
282 895 433 937 296‚17.
484 896 523 929 in
551 896 726 941 palatium
753 901 812 928 tu-

159 951 277 978 torem
305 943 537 977 Constantini
565 944 717 976 accersit
730 941 813 983 299,

159 991 214 1025 13.
281 991 418 1036 rapitur
453 991 492 1023 in
535 991 684 1023 exilium
713 991 814 1023 utin

159 1051 245 1072 eum
269 1037 497 1071 machinatus
525 1036 608 1079 303,
636 1038 689 1070 11.

113 1086 330 1122 Theodorus
358 1084 672 1130 protospatharius
695 1090 815 1118 crate-

161 1145 220 1167 rus
249 1132 367 1166 dictus
397 1137 532 1175 martyr
555 1131 637 1173 224,
667 1130 722 1165 16.

111 1179 326 1214 Theodorus
358 1179 523 1212 oratione
550 1190 616 1224 pro
645 1178 815 1223 imagini·

162 1228 230 1262 bus
243 1227 437 1260 defunctus
451 1227 489 1259 in
514 1226 664 1259 exilium
677 1226 815 1259 eiectus

160 1274 243 1315 209,
270 1272 325 1307 14.

115 1321 333 1357 Theodorus
355 1321 466 1354 frater
492 1319 731 1365 Theophanis
758 1321 816 1353 in-

162 1370 315 1414 scriptus
338 1368 466 1401 iambis
481 1367 622 1408 faciem,
647 1368 684 1401 in
704 1367 815 1402 exilio

163 1416 259 1450 diem
291 1416 371 1450 obit
401 1415 482 1455 226,
511 1414 566 1448 16.

114 1463 335 1498 Theodotus
378 1463 596 1496 Melissenus
618 1461 817 1495 Cassiteras

161 1511 280 1545 dictus
295 1511 359 1544 GP.
376 1508 718 1555 episcopus208,10.
736 1508 818 1550 209,

163 1558 218 1591 14.
247 1557 413 1591 dissoluti
438 1557 596 1590 hominis
623 1568 754 1598 mores,
778 1568 820 1591 ac

165 1606 331 1639 inscitiae
358 1604 447 1638 ibid.
476 1604 530 1638 16.
590 1604 819 1638 Constantini

165 1653 332 1687 Cabalini
361 1652 512 1697 probata
542 1651 703 1695 synodo,
727 1653 817 1685 ima-

165 1702 264 1744 gines
289 1699 465 1745 proscribi
489 1699 578 1732 ibid.

119 1747 348 1781 Theodosius
374 1748 524 1791 Magnus
554 1747 678 1791 imper.
693 1745 771 1786 101,
787 1746 818 1779 1.

119 1795 347 1828 Theodosius
377 1795 497 1827 Minor
526 1793 603 1834 106,
634 1793 688 1826 13.
739 1793 821 1827 bel-

168 1843 238 1875 lum
265 1842 442 1876 Persicum
479 1840 557 1880 108,
584 1840 617 1874 9.

122 1889 353 1924 Theodosius
378 1888 677 1934 protovestiarius
707 1898 726 1920 a
751 1888 819 1930 Sy-

165 1947 296 1971 meone
324 1937 463 1982 praelio
490 1936 626 1968 occisus
654 1934 737 1975 269,
764 1935 797 1968 7.

118 1985 364 2030 Theophanes
411 1983 609 2027 Phalganus
647 1982 823 2017 Theocti-

164 2037 258 2066 stum
285 2036 392 2064 necat
418 2030 499 2072 235,
526 2029 582 2064 13.
610 2028 692 2071 236,
718 2029 773 2064 14.

119 2077 366 2124 Theophanes
387 2078 496 2111 potita
524 2078 665 2111 vultum
692 2077 820 2111 iambis

165 2127 361 2171 inscriptus
376 2125 456 2165 226,
476 2125 530 2159 15.
581 2124 819 2159 subMichae-

166 2174 201 2206 le
228 2179 265 2207 et
291 2172 486 2207 Theodora
526 2171 708 2206 Nicaenus
740 2173 819 2219 epi-

165 2232 294 2266 scopus
317 2221 399 2261 227,
431 2221 461 2252 1.

119 2267 364 2313 Theophanes
379 2267 679 2312 protovestiarius
702 2268 820 2314 impe-

170 2316 211 2348 rii
239 2315 510 2349 administrator
535 2316 617 2354 315,
659 2316 713 2347 11.
781 2317 819 2347 in

171 2363 263 2396 Petri
291 2363 433 2407 Bulgari
460 2366 496 2395 et
516 2361 652 2394 Mariae
683 2362 820 2406 nuptiis

170 2410 358 2453 pronubus
387 2409 469 2450 317,
488 2409 546 2443 22.
597 2420 818 2453 componen-

171 2456 217 2490 do
234 2469 311 2490 cum
328 2455 698 2501 'Furcis,prudentiae
714 2455 820 2489 laude

172 2504 318 2537 excellit
330 2503 412 2545 322,
428 2503 482 2536 19.
508 2505 701 2537 Russorurn
730 2504 821 2536 clas-

172 2563 244 2584 sem
272 2552 396 2591 semel,
425 2552 628 2596 iterumque
651 2551 824 2584 dissoluit

171 2597 253 2638 323,
283 2598 336 2632 13.
362 2597 444 2639 324,
477 2596 531 2630 13.

172 2644 349 2689 dignitate
375 2651 527 2689 augetur
550 2645 636 2678 ibid.
699 2657 824 2691 pacem

174 2704 253 2725 cum
277 2693 404 2726 Tureis
440 2691 485 2725 ad
520 2701 634 2727 annos
661 2695 824 2739 quinque

173 2741 357 2786 componit
385 2740 465 2780 325,
485 2740 516 2772 5.
572 2740 704 2775 Christi
735 2741 826 2773 ima,

605 2599 824 2632 accubitoris
839 2632 846 2635 ,

1476 124 1568 171 551
1610 83 1613 88 ¹

920 230 993 275 gini
1013 230 1217 264 Edessenae
1243 229 1387 264 obviam
1411 229 1577 276 procedit

919 278 1003 320 326,
1015 279 1048 312 2.
1069 280 1265 312 Romanum
1281 279 1473 311 restituere
1494 289 1575 310 mo-

920 327 1026 367 liens,
1055 326 1092 359 in
1107 325 1255 359 exilium
1268 325 1412 359 eiicitur
1426 324 1570 365 330‚11.

873 373 1101 419 Theophane
1123 373 1271 406 Leontis
1296 384 1398 411 uxor,
1425 383 1469 405 eo
1497 383 1578 405 cum

923 426 1041 454 scorto
1057 420 1281 466 procedente
1300 419 1346 452 ad
1359 418 1578 452 Blachernas

922 469 1063 502 intenta
1081 467 1249 513 precibus
1266 465 1348 508 269,
1366 467 1419 500 17.
1445 465 1579 499 defun-

923 521 980 549 cta
1007 515 1120 548 claret
1138 515 1320 548 miraculis
1345 514 1428 556 270,
1455 513 1510 549 12.
1541 514 1580 546 in

924 565 1002 596 eius
1027 562 1202 596 honorem
1236 567 1400 596 extructa
1425 560 1580 595 ecclesia

924 609 971 643 ad
998 615 1140 643 sanctos
1168 610 1354 654 apostolos
1380 608 1463 649 274,
1490 606 1525 642 9.

876 656 1154 703 Theophilitzes
1180 656 1354 691 Basiliam
1382 655 1494 691 tradit
1507 654 1581 690 Mi-

858 743 862 747 ,
925 704 1044 738 chaeli
1072 704 1153 745 230,
1185 705 1240 739 12.

878 751 1110 798 Theophilus
1123 751 1327 792 Michaelis.
1339 751 1436 784 filius
1464 751 1584 794 impe—

928 801 972 833 rii
997 800 1137 845 collega
1160 810 1180 833 a
1205 805 1308 845 patre
1323 798 1486 832 adlectus
1501 797 1585 839 211,

930 848 985 883 17.
1034 846 1266 881 Theodoram
1299 847 1490 890 coniugem
1518 843 1584 878 de-

929 895 1010 940 ligit
1040 893 1122 933 213,
1154 894 1207 928 17.
1261 894 1395 928 Icasiae
1434 893 1584 939 nuptias

930 942 1070 987 respuit
1093 940 1176 984 214,
1205 942 1239 976 3.
1289 941 1424 974 Leonis
1440 940 1585 974 Armeni

929 990 1030 1024 necis
1057 1001 1136 1023 reos
1160 990 1280 1035 capite
1306 989 1434 1034 plectit
1460 988 1511 1021 ib.
1530 986 1584 1021 16.

930 1036 1162 1083 Theophobo
1189 1038 1294 1070 Persa
1321 1046 1402 1069 cum
1427 1035 1501 1068 suis
1529 1045 1586 1068 re-

915 1090 1051 1129 cepto,
1081 1089 1236 1117 turmam
1249 1084 1432 1117 Persarum
1453 1082 1586 1116 dictam

929 1142 976 1164 ex
1011 1131 1061 1164 eis
1090 1131 1284 1164 constituit
1306 1130 1388 1168 215,
1417 1132 1452 1166 5.
1517 1129 1589 1163 sibi

886 1202 890 1206 ι
932 1189 1015 1211 eum
1040 1178 1193 1211 levirum
1219 1176 1410 1211 facitib.9.
1463 1178 1585 1210 Petro-

930 1237 1015 1259 nam
1040 1225 1171 1259 viduae
1211 1226 1379 1259 iniuriam
1404 1225 1588 1258 severissi-

931 1284 989 1306 me
1012 1275 1120 1319 punit
1142 1272 1192 1306 ib.
1218 1272 1276 1307 20.
1326 1272 1495 1305 Alexium
1508 1271 1588 1304 Mu-

933 1320 1011 1354 sule
1035 1320 1154 1354 locata
1174 1321 1289 1354 Maria
1316 1319 1391 1352 [ilia
1417 1329 1588 1364 generum

933 1367 1022 1402 facit
1044 1367 1126 1408 216,
1144 1366 1178 1401 9.
1231 1372 1438 1412 suspectum
1463 1367 1501 1400 in
1528 1366 1586 1399 Si-

934 1415 1057 1448 ciliam
1077 1414 1246 1449 amandat
1267 1415 1316 1448 ib.
1336 1414 1391 1448 13.
1443 1424 1591 1447 revoca-

934 1468 1021 1499 tum.
1036 1468 1160 1496 contra
1176 1461 1284 1496 fidem
1310 1461 1533 1502 verberibus,
1551 1465 1590 1494 et

933 1521 1075 1543 carcere
1100 1510 1223 1554 affligit
1246 1510 1328 1550 217,
1343 1508 1422 1543 5.8.
1451 1508 1589 1542 Mariae

936 1558 1032 1590 filiae
1050 1558 1239 1597 tumulum,
1257 1558 1376 1590 locum
1396 1556 1486 1600 asyli
1504 1556 1594 1589 facit

935 1604 1017 1646 216,
1042 1604 1094 1639 16.
1145 1604 1380 1638 Theodorum
1406 1603 1591 1647 archiepi-

935 1664 1085 1697 scopum
1114 1652 1226 1685 exilio
1241 1653 1348 1697 punit
1360 1651 1488 1691 217‚2.
1515 1651 1594 1684 Ma-

938 1700 1084 1733 nuelem
1111 1699 1240 1732 ducum
1282 1699 1521 1732 fortissimum
1548 1697 1594 1731 ad

939 1747 1059 1780 Persas
1086 1746 1210 1792 fugere
1235 1747 1329 1790 cogit
1356 1746 1508 1787 218,12.
1536 1756 1594 1778 re-

937 1801 1104 1827 vocatum
1142 1794 1343 1827 honoribus
1382 1799 1501 1839 auget,
1527 1804 1594 1827 eo·

937 1853 1009 1887 que
1049 1841 1294 1885 expeditionis
1331 1842 1428 1873 socio
1459 1840 1594 1874 Arabas

937 1889 1051 1922 vincit
1077 1888 1157 1922 220.
1171 1888 1253 1922 221.
1301 1889 1445 1922 Veneto
1471 1888 1595 1921 colore

939 1941 978 1970 et
1003 1936 1132 1969 habitu
1157 1937 1195 1968 in
1223 1936 1316 1969 circo
1342 1934 1438 1967 ludit
1465 1935 1593 1976 222,1.

938 1984 1008 2016 iam
1040 1985 1077 2017 in
1106 1983 1260 2016 Arabum
1287 1988 1479 2016 venturum
1517 1992 1594 2014 ma-

937 2043 1015 2071 nus,
1042 2032 1139 2064 vitae
1166 2042 1251 2064 suae
1266 2030 1430 2075 periculo
1442 2029 1593 2063 Manuel

938 2079 1048 2123 eripit
1072 2079 1121 2112 ib.
1140 2078 1193 2110 11.
1235 2077 1449 2111 Michaelem
1470 2077 1594 2109 ‘filium

937 2127 1088 2171 suscipit
1111 2126 1159 2158 ib.
1182 2124 1236 2158 18.
1288 2125 1409 2170 aequi,
1432 2124 1595 2169 iurisque

935 2174 1186 2207 tenacissimus
1209 2171 1301 2214 223,
1329 2172 1360 2206 1.
1434 2170 1479 2204 ab
1505 2172 1595 2204 Ara·

935 2221 1046 2255 bibus
1073 2221 1284 2266 profligatur
1310 2217 1392 2260 224,
1423 2219 1454 2252 1.
1505 2219 1595 2252 ima-

937 2269 1039 2312 giues
1069 2269 1194 2301 abolet
1206 2268 1287 2308 221,
1314 2264 1366 2299 14.
1416 2267 1591 2299 Ioannem

939 2316 1146 2359 Syncellum
1174 2315 1314 2358 Magiae
1333 2312 1593 2347 addictumCP.

940 2365 1149 2408 episcopum
1174 2361 1386 2407 praeficitib
1416 2361 1595 2395 15.Amo-

939 2411 1031 2444 rium
1057 2410 1193 2444 amittit
1220 2407 1302 2450 224,
1329 2407 1363 2442 8.
1437 2409 1593 2442 Leonem

941 2457 1199 2502 philosophum
1227 2455 1313 2489 ludo
1337 2455 1593 2501 praeficit225,

941 2505 973 2539 7.
1024 2506 1128 2550 plura
1153 2504 1290 2537 extruit
1316 2503 1354 2535 in
1378 2503 1516 2548 palatio
1544 2503 1595 2538 ib.

939 2552 999 2585 SS.
1041 2551 1304 2597 Theophanem
1347 2551 1514 2589 poetam,
1557 2555 1595 2582 et

942 2599 1175 2632 Theodorum
1218 2598 1363 2631 fratrem
1393 2597 1522 2630 iambis
1549 2596 1595 2629 ad

943 2647 1073 2679 faciem
1099 2645 1265 2679 inscribit
1286 2643 1368 2684 226,
1399 2645 1453 2678 15.
1524 2644 1596 2676 Mi-

941 2694 1103 2726 chaelem
1130 2693 1244 2725 filium
1274 2698 1424 2725 coronat
1436 2691 1521 2731 227,
1540 2690 1593 2723 10.

941 2739 1206 2786 Theophobum
1228 2740 1366 2773 Persam
1395 2744 1500 2772 necat
1514 2737 1594 2777 228,
