1838 3132
623 116 1113 160 CHRONOGRAPHIA.
1518 107 1577 157 7’7

136 228 208 267 καί
239 226 278 266 Γ
276 221 468 279 ρηγόριος
495 221 530 279 Δὁ
568 222 905 278 θαυματουργός.
970 221 1046 265 ἐπὶ
1067 224 1219 267 Δεκίου
1258 219 1457 270 Ναυάτος
1484 236 1581 274 πρε..

134 290 333 346 σβὺτερος
370 287 428 332 ὢν
467 290 670 343 α’πέσχισε
710 291 783 348 τῆς
822 290 1063 345 έκκλησιάς,
1105 288 1151 339 ὃς
1176 288 1273 336 τούς
1299 286 1581 335 ἐπιθύσαντας

135 358 208 398 καί
231 358 534 410 μετανοοῦντας
560 355 634 396 οὐκ
661 357 842 408 ἐδέχετο.
873 358 945 398 §nc
972 357 1105 398 αὐτοῦ
1133 354 1379 411 Κυπριανὸς
1407 352 1430 394 ὅ
1465 349 1581 405 ἅγιος

135 424 428 479 ἐμαρτύρησε,
473 421 545 464 καί
571 419 611 463 οἱ
653 419 753 464 ἔπτὰ
786 424 932 472 παῖδες
970 421 1009 464 οἱ
1039 422 1084 464 ἐν
1108 422 1288 479 Ἐφέσῳ,
1324 422 1396 463 καί
1422 421 1581 475 πλῆθος
1643 419 1646 422 “

102 490 276 545 5ἆγίων.

600 576 737 617 Γάλλος
767 579 831 612 καὶ
852 577 1115 616 Βολουσιανός.

244 673 407 721 Γάλλος
445 673 519 713 καί
559 670 841 721 Βολουσιανὸς
876 674 1152 725 ἐβασίλευσαν
1193 670 1264 727 ἔτη
1306 670 1342 725 β’
1371 673 1505 727 μῆνας
1532 689 1581 727 η.

135 739 274 792 γέγονε
302 741 348 781 δὲ
376 741 421 781 ἐν
447 744 537 787 ταῖς
575 738 755 792 ἡμέραις
783 739 924 780 αὐτῶν
956 738 1124 793 λοιμός,
1152 737 1337 793 κινηθείς
1368 737 1450 779 α’πὸ
1482 734 1584 780 ἅνα-

136 806 258 860 τολῆς
284 808 412 859 μέχρι
440 807 515 859 τῆς
545 802 726 858 δύσεως,
754 806 826 846 καί
865 805 1039 856 οὐδεμία
1077 803 1191 853 πόλις
1223 802 1379 860 εὑρέθη
1409 800 1583 859 ἄμοιρος

81 886 124 921 10
136 868 291 925 ταύτης
320 874 394 925 τῆς
422 871 595 925 α’πειλῆς
614 886 626 898 ·
701 869 909 925 ἐκράτησε
951 871 998 910 δὲ
1028 868 1097 924 ἔτη
1129 869 1195 921 ια’,
1236 869 1468 924 α’ρχομενος
1498 869 1580 912 ἀπὸ

137 937 409 991 φθινοπώρου
437 935 510 977 καί
536 933 671 990 λη’γων
699 938 752 992 τῇ
779 939 854 976 τοῦ
880 935 1004 984 κυνὸς
1033 938 1213 993 ἐπιτολῇ.
1271 938 1510 989 usadwora
1539 939 1586 978 δὲ

136 1002 161 1057 ἢ
191 1003 311 1052 νόσος
339 1000 444 1059 αὕτη
474 999 556 1045 ἆπὸ
579 1018 622 1044 τε
663 1000 842 1055 ἱματίων
868 1001 939 1044 καί
982 1003 1110 1056 ψιλῆς
1138 1004 1253 1052 θέας.
1310 1002 1383 1044 καί
1411 1003 1450 1044 οἱ
1477 1003 1586 1045 Σκί-

135 1071 211 1110 θαι
247 1068 498 1123 περάσαντες
529 1068 602 1110 τὸν
631 1064 802 1122 Ἴστρον
843 1070 979 1110 πᾶσαν
1021 1069 1097 1122 τὴν
1135 1069 1256 1121 δύσιν
1297 1068 1372 1110 καί
1403 1069 1585 1111 Ἰταλίαν

135 1133 342 1189 α’νατολήν
370 1150 412 1176 τε
441 1137 515 1177 καί
542 1136 695 1178 Ἀσιάν
739 1131 980 1189 ἐπόρθησαν
1006 1133 1078 1176 καί
1111 1138 1346 1189 παρέλαβον
1374 1133 1474 1190 δι’χα
1500 1133 1583 1187 μό-

80 1212 122 1246 15
135 1216 205 1255 νης
228 1201 364 1243 Ἰλιόυ
396 1200 468 1243 καί
495 1201 698 1252 Κυζίκου.
770 1201 958 1257 α’νῃρέθη
998 1202 1044 1241 δὲ
1073 1198 1094 1240 ὅ
1133 1199 1292 1250 Γάλλος
1323 1203 1395 1243 καί
1421 1205 1584 1244 Βολου-

133 1264 277 1314 σιανὸς
306 1266 387 1307 ὑπὸ
419 1270 500 1309 τῶν
530 1269 808 1320 στρατιωτῶν,
833 1269 905 1308 καί
933 1266 1196 1324 ἀνηγορεύθη
1223 1266 1421 1321 βασιλεύς
1446 1270 1583 1322 Αἰμι-

135 1330 275 1380 λιανὸς
318 1332 390 1374 ὑπ’
436 1334 592 1375 αὐτῶν.
663 1333 735 1375 ἑπί
762 1332 929 1375 Γάλλου
976 1337 1049 1376 καί
1092 1337 1383 1377 Βολουσιανοῦ
1420 1332 1580 1391 ἧκατὰ

136 1399 362 1451 Σαβέλλιον
388 1401 559 1457 αἵρεσις
578 1402 768 1454 συνέστη.

741 1503 976 1551 Αἰμιλιανός.

76 1602 122 1637 20
245 1598 501 1648 Αἰμιλιανὸς
527 1599 771 1650 ἐβασίλευσε
798 1599 932 1652 μῆνας
960 1599 1009 1655 δ’,
1046 1595 1151 1655 ἦρχε
1178 1601 1224 1643 δὲ
1255 1601 1330 1641 τοῦ
1357 1601 1401 1643 έν
1430 1602 1584 1657 Μυσίᾳ

133 1663 456 1717 στρατεύματος,
485 1662 596 1718 ἔχων
624 1666 707 1706 *aaa*
743 1665 938 1719 Λιβυκὸν
967 1665 1157 1721 στρατόν,
1185 1670 1283 1719 μεθ’
1316 1661 1374 1708 οἷν
1400 1664 1583 1722 πολεμή-

135 1835 201 1868 sub
230 1836 338 1869 Decio
362 1836 518 1871 Navatus
543 1836 730 1882 presbyter
755 1848 799 1871 ex
823 1838 973 1872 ecclesia
1009 1839 1234 1882 excludebat,
1262 1842 1323 1887 qui
1349 1843 1585 1876 sacrificarunt

136 1893 253 1928 neque
277 1894 338 1916 eos
379 1889 514 1918 mutata
542 1890 661 1918 mente
703 1886 908 1931 recipiebat.
956 1892 1089 1930 martyr
1113 1889 1185 1924 fuit
1208 1894 1348 1924 sanctus
1374 1886 1585 1937 Cyprianu's,

137 1936 272 1975 septem
297 1930 429 1976 Ephesi
448 1931 567 1973 liberi,
593 1938 630 1966 et
652 1938 852 1966 sanctorum
875 1933 1086 1968 multitudo.

629 2043 767 2078 Gutus
794 2055 835 2078 m·
863 2045 1099 2088 Vowsuiws.

233 2130 359 2164 Gallus
390 2137 427 2166 et
462 2133 679 2168 Volusianus
719 2147 830 2169 annos
857 2134 946 2170 duos
982 2148 1192 2183 mensesque
1219 2138 1242 2172 8
1267 2145 1468 2183 regnarunt.
1518 2141 1586 2174 suit

141 2188 271 2211 eorum·
298 2184 459 2225 tempore
500 2183 635 2226 pestis,
661 2182 706 2215 ab
745 2184 884 2216 oriente
924 2194 1004 2217 orsa
1037 2195 1149 2231 usque
1183 2185 1227 2219 ad
1258 2186 1489 2228 occidentem,
1515 2198 1586 2232 qua

138 2225 239 2258 nulla
271 2226 355 2259 urbs
399 2227 530 2261 intacta
577 2231 718 2263 mansit.
779 2230 921 2264 duravit
955 2236 1071 2264 autem
1099 2232 1139 2264 11
1180 2244 1290 2266 annos
1329 2233 1452 2267 bruma
1493 2235 1585 2267 inci-

137 2272 242 2316 piens
264 2277 300 2305 et
324 2284 411 2307 cane
437 2275 578 2309 oriente
597 2276 774 2310 desinens.
824 2278 1152 2312 communicabatur
1175 2279 1235 2312 hic
1259 2281 1403 2315 morbus
1427 2281 1585 2315 vestibus

137 2319 299 2363 visuque.
329 2321 479 2364 Scythae
505 2325 595 2356 Isti-0
616 2330 783 2369 superato
810 2335 950 2357 omnem
972 2325 1208 2368 occidentem,
1233 2328 1386 2369 Italiam,
1411 2329 1586 2361 orientem

139 2370 176 2398 et
202 2366 317 2399 Asiam
353 2366 566 2413 depopulati
602 2377 685 2404 sunt
716 2377 753 2405 et
789 2378 1008 2416 occuparunt
1042 2379 1183 2418 praeter
1218 2375 1322 2408 Ilium
1347 2380 1383 2408 et
1409 2375 1585 2418 Cyzicum.

139 2411 307 2445 trucidati
331 2421 414 2448 sunt
438 2415 564 2451 Gallus
592 2424 628 2451 et
650 2418 870 2452 Volusianus
898 2430 917 2451 a
946 2420 1134 2462 militibus,
1160 2421 1223 2466 qui
1253 2432 1369 2466 regem
1397 2421 1466 2455 sibi
1491 2421 1586 2455 fece-

138 2463 224 2491 runt
246 2459 489 2496 Aemilianum.
550 2465 615 2498 sub
654 2465 760 2500 Gallo
803 2471 839 2499 et
869 2465 1064 2500 Volusiano
1101 2467 1305 2502 Sabelliana
1338 2468 1495 2503 haeresis
1523 2479 1586 2503 ex-

139 2506 245 2540 stitit.

744 2575 979 2610 Anninus.

235 2660 456 2696 Aemilianus
485 2660 510 2696 4
533 2674 671 2699 menses
699 2668 871 2711 regnavit.
934 2668 972 2700 in
1006 2667 1119 2713 Mysia
1145 2667 1315 2701 exercitui
1338 2674 1512 2714 praeerat,
1535 2669 1583 2704 si·-
