1838 3132
474 147 546 187 DE
583 145 761 188 LEONE
798 143 1016 189 BARDAE
1041 147 1087 187 F.
1404 140 1499 185 355

49 244 229 302 αὖτήν,”
264 245 522 300 μιμούμενος
550 247 595 289 ἐν
630 245 762 303 τούτῳ
796 246 964 288 Λέοντα
987 245 1060 289 τὸν
1075 240 1287 299 Ἰσαυρον,
1316 241 1375 293 ὥς
1401 245 1545 296 βου-υ

50 313 223 366 λὸμενος
261 310 356 362 τούς
391 313 571 368 χρόνους
613 313 746 356 αὕτοῦ
771 314 1041 365 βασιλεῦσαι.
1109 307 1254 366 ἐπειδὴ
1296 308 1380 365 γάρ
1410 310 1505 363 ἐγέ-

50 393 211 436 γραπτο
238 378 377 422 ἐπάνω
405 382 476 435 τῆς
503 377 660 429 εἰκόνος
690 375 758 420 ὅτι
785 377 836 434 ἢν
864 381 1036 420 καθεῖλε
1065 375 1199 420 πάλαι
1226 378 1356 420 Λέων
1382 375 1404 417 ὃ
1435 377 1505 417 δε-

51 443 245 501 σπόζων,
284 447 472 488 ἐνταῦθα
499 444 783 500 ἅνεστήλωσεν
816 445 1003 500 Εἰρήνη·
1071 438 1191 493 οὗτος
1217 442 1298 498 γάρ
1329 442 1351 486 ὁ
1380 444 1508 486 Λέων

18 510 183 567 ὃαιῖτῆν
214 515 415 567 καθεῖλε,
454 511 547 554 ἐπεὶ
571 512 647 568 ἀφ’
678 505 732 552 οὗ
762 510 786 567 ἧ
827 509 947 560 πόλις
975 509 1160 566 ἐκτίσθη,
1189 507 1295 565 αὐτή
1326 513 1352 565 ἦ
1385 507 1510 552 εἰκών

51 571 116 632 ἦν.
173 579 247 620 καί
279 580 401 620 τοῦτο
432 576 611 633 ποιήσας
645 575 798 620 ἔδωκεν
843 576 1084 633 παρρησίαν
1122 575 1220 626 τούς
1248 578 1323 619 τοῦ
1362 574 1510 629 διαβό-

51 649 128 687 λου
156 643 396 700 συνεργούς,
424 644 532 699 λέγω
551 642 602 700 δή
636 641 856 687 Ἀντώνιον
882 644 956 686 καί
980 641 1170 697 Ἰωάννην
1196 643 1270 684 καί
1293 639 1394 691 τούς
1420 643 1512 696 μετ’

51 706 204 754 αὖτῶν.
273 711 346 752 καί
384 711 528 753 λοιπὸν
566 710 725 753 τούτων
771 712 1002 764 γενομένων
1039 708 1263 764 συνήγοντο
1290 707 1442 756 πάντες
1471 705 1512 748 οἱ

53 775 270 820 ἐπίσκοποι
313 779 386 819 καί
413 774 451 819 οἱ
492 777 676 831 ,ιιοναχοί
700 778 760 826 εἰς
787 774 835 817 τὸ
875 780 1189 831 πατριαρχεΐον,
1218 772 1291 816 καί
1317 772 1512 827 ἀνεγίνω-

0 847 42 881 10
54 853 155 886 σκον
185 843 326 893 πάσας
351 841 425 893 τοὶς
453 841 628 899 χρήσεις
655 845 740 886 τῶν
770 845 976 899 πατέρων,
1003 839 1138 897 ἅσπερ
1167 839 1207 883 οἱ
1237 843 1418 884 ἐναντίοι
1437 856 1512 882 κα-

53 908 240 964 κούργως
260 910 334 952 καί
360 911 541 963 α’μαθῶς
563 911 807 966 προέφερον,
836 906 1137 965 ἑρμηνεύοντος
1162 903 1294 958 αὖῐὰς
1323 909 1400 950 τοῦ
1429 924 1512 949 πα-

53 973 273 1032 τριάρχου,
303 978 376 1018 καί
398 979 589 1030 λέγοντος
615 974 723 1031 πρὸς
751 976 913 1025 πάντας
942 973 1026 1030 *(μὴ
1058 972 1176 1029 ἔχετέ
1202 990 1264 1023 τις
1291 972 1639 1028 λεγόμενὸνΡ,4.39

53 1059 92 1084 τι
123 1044 167 1084 έν
195 1041 389 1093 τούτοις,
418 1042 650 1099 ἅδελφοι’,·”
689 1043 762 1084 καί
792 1043 1022 1097 α’νέκραξαν
1067 1039 1219 1090 πάντες
1255 1037 1405 1092 “lium
1440 1042 1515 1083 καί

54 1106 469 1165 πεπληροφορήμεθα
498 1105 565 1151 ὅτι
592 1108 754 1165 ἀληθής
783 1110 875 1151 ἐστι
905 1106 931 1163 ἦ
957 1108 1097 1159 πίστις
1115 1105 1233 1164 ἡμῶν
1259 1108 1334 1149 καί
1358 1106 1512 1156 πάντες

0 1174 113 1225 15εἶς
149 1177 276 1217 τοῦτο
311 1175 675 1230 α’ποθνήσκομεν.”
749 1177 823 1218 καί
850 1173 873 1216 ὅ
902 1175 1171 1231 πατριάρχης
1208 1173 1314 1229 πρὸς
1357 1172 1513 1222 αὖτοὺς

53 1239 225 1282 “Auentino
263 1235 337 1283 οὖν
355 1273 368 1295 ,
397 1240 607 1297 α’ὃελφοί,
637 1243 681 1284 ἐν
721 1240 891 1299 ὁμονοίᾳ
927 1240 1127 1294 ἐσσόμεθα
1154 1240 1228 1282 καί
1253 1240 1514 1295 συνημμένοι

51 1307 98 1348 ἐν
123 1307 203 1363 μιᾷ
244 1309 368 1364 ψυχῇ
407 1309 451 1349 ἐν
480 1309 608 1365 ταύτῃ
654 1310 704 1364 τῇ
734 1306 932 1364 ὁμολογίᾳ
958 1307 1228 1362 α’ὃιαιρέτως,
1256 1305 1327 1347 καί
1353 1303 1412 1359 μή
1443 1301 1513 1345 εὕ-

52 1375 182 1428 ρωσίν
210 1389 303 1416 τινα
332 1374 376 1424 ἐξ
404 1373 524 1429 ἡμῶν
553 1376 818 1428 α’ποχωρίσαι
851 1372 889 1416 οἱ
919 1376 991 1429 τῆς
1019 1372 1216 1422 ἐναντίας
1245 1371 1410 1426 μοίρας,
1440 1374 1513 1413 καί

55 1439 105 1481 οὗ
131 1438 190 1493 μή
235 1439 498 1494 ἰσχύσωσιν·
555 1443 723 1490 πλείους
763 1439 845 1495 γάρ
893 1441 1034 1482 αὐτῶν
1075 1441 1201 1492 ἐσμὲν
1228 1440 1370 1492 χάριτι
1401 1441 1511 1493 Χρι-

0 1509 41 1546 20
53 1507 199 1549 στοῦ.”
252 1505 292 1548 οἱ
321 1507 368 1548 δὲ
399 1506 523 1549 πάλιν
551 1508 783 1561 ἀνέκραξαν
813 1504 1184 1560 διαβεβαιούμενοι
1210 1504 1288 1554 ἕως
1317 1502 1510 1546 θανάτου

53 1573 308 1627 ἀντέχεσθαι
348 1575 423 1616 καί
455 1574 718 1629 ὑπερμαχεῖν
758 1574 862 1626 ὑπὲρ
892 1575 966 1627 τῆς
1005 1574 1236 1628 ἐκκλησίας,
1266 1569 1511 1624 ποιήσαντες

53 1639 265 1695 σταυροὺς
310 1642 384 1682 καί
421 1638 613 1697 ἔγγραφα
654 1641 714 1689 εἰς
763 1639 971 1694 α’λλήλους
1017 1642 1091 1681 τοῦ
1134 1637 1193 1692 μή
1233 1640 1506 1692 χωρίζεσθαι.
1527 1651 1551 1684 B

51 1707 183 1749 ταῦτα
212 1706 407 1764 ἐπράχθη
435 1707 515 1765 πρὸ
543 1710 624 1750 τῶν
651 1705 815 1764 ἑορτῶν.
873 1704 1129 1763 φθασάντων
1163 1707 1209 1747 δὲ
1238 1707 1320 1746 τῶν
1350 1701 1507 1759 ἑορτῶν
1523 1714 1566 1747 14

53 1913 146 1958 perii
171 1911 248 1945 eius
276 1923 387 1946 annos
412 1911 560 1946 studens
603 1912 787 1959 consequi.
837 1912 882 1945 ad
909 1917 1017 1958 caput
1049 1912 1142 1945 enim
1169 1911 1330 1955 imaginis
1355 1909 1503 1954 legeba-

55 1965 115 1993 tur
148 1959 317 2004 scriptum
357 1965 490 2005 “quam
531 1960 699 2005 deposuit
733 1959 913 2005 qnondam
948 1960 1019 1992 Leo
1045 1959 1283 2004 principatum
1311 1963 1505 1996 assecutus,

54 2006 124 2039 huc
150 2007 306 2040 restituit
328 2008 464 2040 Irene.’'
513 2007 614 2040 illam
641 2008 776 2052 quippe
805 2007 877 2040 Leo
910 2006 1139 2051 deposuerat,
1162 2012 1199 2039 et
1227 2006 1272 2037 ab
1298 2006 1373 2050 ipso
1405 2004 1503 2037 urbis

54 2053 202 2087 conditu
243 2053 294 2087 ibi
333 2055 449 2098 imago
474 2055 593 2088 fuerat
629 2055 796 2100 reposita.
858 2053 926 2086 hoc
959 2060 1102 2098 peracto
1135 2053 1270 2086 diaboli
1297 2052 1504 2092 auxiliariis,

54 2102 214 2134 Antonio
240 2101 384 2146 inquam
412 2107 448 2135 et
475 2103 598 2135 loanni
626 2107 663 2135 et
697 2102 892 2134 facinorum
922 2101 1039 2142 sociis,
1066 2100 1242 2146 quidquid
1272 2097 1503 2145 perpetrandi

56 2147 263 2181 facultatem
289 2150 461 2194 permisit.
511 2149 568 2183 his
594 2151 644 2182 ita
663 2149 771 2193 gestis
797 2149 957 2193 episcopi
984 2155 1020 2181 et
1043 2147 1205 2181 monachi
1232 2148 1349 2180 cuncti
1374 2148 1410 2179 in
1436 2157 1504 2190 pa-

55 2195 261 2228 triarchium
294 2196 573 2239 conveniebant,
607 2202 643 2229 et
679 2196 774 2228 dicta
809 2201 947 2240 patrum
976 2196 1095 2228 omnia
1136 2195 1381 2240 perlegebam,
1409 2204 1501 2238 quae

55 2242 247 2275 adversarii
285 2244 461 2276 malitiose
505 2249 541 2277 et
573 2244 753 2277 inerudite
785 2241 1127 2287 interpretabantur.
1189 2241 1390 2288 patriarcha
1417 2251 1500 2273 vero

55 2300 196 2322 sensum
221 2301 343 2323 eorum
371 2289 543 2324 reddente
569 2297 606 2325 et
641 2290 686 2324 ad
711 2302 833 2324 omnes
875 2301 1074 2323 sermonem
1101 2289 1278 2332 dirigente
1302 2295 1411 2322 6*num
1436 2287 1502 2320 ha-

53 2336 148 2370 betis
184 2337 325 2382 aliquid
366 2337 464 2382 quod
488 2337 603 2372 verbis
639 2339 717 2372 istis
749 2338 988 2383 exprimatur,
1027 2337 1197 2370 fratres?''
1257 2338 1500 2370 exclamavere

53 2383 171 2416 cuncti
197 2384 398 2425 “novimuS,
423 2390 460 2418 et
482 2386 569 2419 certi
602 2397 722 2419 sumus
758 2397 875 2418 veram
909 2395 984 2417 esse
1011 2383 1115 2418 fidem
1153 2390 1322 2418 nostram.
1374 2383 1410 2415 in
1435 2382 1500 2415 hac

52 2432 224 2464 morimur
248 2434 405 2464 omnes-”
462 2432 508 2465 ad
543 2433 627 2466 illos
660 2433 860 2477 patriarcha
889 2437 1087 2476 “superest‚
1117 2431 1256 2472 fratres,
1288 2436 1326 2463 ut
1353 2440 1501 2462 concor·

54 2477 116 2511 des
142 2489 417 2522 perseveremus,
442 2485 478 2513 et
509 2480 636 2513 animis
654 2480 834 2513 coniuncti
858 2479 925 2512 hac
953 2480 990 2511 in
1016 2479 1240 2512 consessione
1265 2478 1400 2522 absque
1423 2475 1502 2508 ‹lis-

55 2536 161 2558 sensu
189 2537 446 2567 remaneamus,
477 2532 517 2560 ut
530 2527 696 2561 adversae
722 2528 833 2573 partis
853 2527 1017 2560 homines
1032 2526 1170 2559 nullum
1190 2526 1368 2570 reperiant
1394 2534 1499 2568 quem

54 2578 222 2616 separent
249 2585 268 2606 a
292 2573 410 2613 nobis,
435 2585 502 2606 nec
528 2573 566 2606 id
593 2575 722 2620 exequi
757 2575 912 2607 valeant.
964 2573 1074 2618 gratia
1101 2573 1195 2606 enim
1221 2572 1351 2606 Christi
1381 2571 1500 2615 plures

54 2619 127 2652 iliis
156 2621 309 2653 sumus.''
358 2621 414 2653 ini
440 2632 556 2654 rursus
592 2633 670 2654 cum
697 2622 851 2655 clamore
879 2621 1107 2654 firmaverunt
1142 2620 1186 2652 ad
1212 2625 1359 2652 mortem
1388 2628 1499 2662 usque

54 2665 247 2700 obstituros
275 2674 312 2701 et
339 2680 404 2713 pro
432 2669 580 2702 ecclesia
606 2668 846 2709 dimicaturos,
880 2668 1128 2713 appositisque
1156 2667 1318 2700 crucibus
1344 2664 1389 2698 ad
1413 2663 1499 2698 sub-

56 2714 265 2759 scriptiones
293 2716 432 2761 scriptis
463 2715 533 2749 sibi
557 2722 680 2749 mutuo
705 2716 811 2750 fidem
839 2715 979 2756 fecere,
1006 2726 1187 2760 nunquam
1215 2713 1259 2747 ab
1286 2713 1435 2746 invicem
1462 2722 1498 2745 se
