1838 3132
325 115 420 165 514
659 127 732 167 An
773 126 987 167 LEONEM
1028 125 1433 169 GRAMMA'HCUM

323 237 409 270 crat
439 231 652 272 literarum
672 233 843 284 amicus,
873 232 1119 272 domesticos
1139 232 1275 286 plures
1301 247 1372 273 seu
1390 234 1622 286 familiares,
1651 250 1759 289 quo-

322 302 413 326 rum
458 287 542 340 ipse
566 287 699 328 studia
744 289 918 329 foveret.
977 288 1044 327 vix
1085 288 1305 342 quicquam
1336 289 1462 327 Leoni
1491 292 1758 343 grammatico

319 356 366 382 ac
399 357 602 396 anonymo
633 341 688 380 illi
718 341 999 383 continuatori
1028 356 1245 383 commune
1276 343 1327 382 ad
1359 357 1486 398 usque
1514 345 1646 384 Basilii
1667 348 1761 386 Ma-

318 397 483 437 cedonis
511 397 646 446 vitain,
674 412 780 450 quae
798 399 881 453 ipsa
903 412 985 437 non
1005 398 1304 438 continuatoris
1326 399 1516 453 anonymi
1535 399 1605 440 sed
1636 400 1757 453 ipsius

317 451 574 491 Constantini
591 452 723 491 Basilii
744 454 904 508 nepotis
935 453 1169 492 lucubratio
1194 459 1269 492 est:
1302 453 1342 492 in
1364 454 1529 507 reliquis
1561 455 1677 508 plera
1710 469 1762 495 ue

318 507 475 556 affinia,
507 508 750 561 plerumque
780 509 905 550 etiam
927 508 1068 549 iisdem
1089 508 1225 548 verbis
1248 514 1462 562 concepta,
1493 515 1564 548 aut
1592 523 1639 550 ex
1671 469 1760 551 siliis

316 563 392 601 ulia
425 563 528 601 facta
548 563 749 616 tantisper
776 564 940 603 mutatis
961 563 1142 613 vocibus,
1170 569 1218 602 ut
1244 564 1421 603 alterum
1445 563 1610 604 alterius
1640 579 1757 606 usum

316 617 525 657 laboribus
556 632 714 658 necesse
738 618 802 659 sit.
861 635 883 658 a
901 619 1123 658 fusioribus
1150 618 1251 657 mihi
1279 618 1395 658 Notis
1425 619 1754 672 temperandum,

317 673 361 711 iis
399 672 594 712 duntaxat
631 674 842 723 breviter,
871 672 1007 728 quoad
1050 673 1201 723 licebit,
1251 673 1438 727 expositis
1465 673 1577 728 *quae
1607 674 1756 716 lectori

315 742 475 767 moram
502 728 672 769 iniicere
699 734 875 782 possent,
902 743 971 768 sua
1003 727 1082 767 iam
1112 728 1221 768 mole
1251 728 1491 782 importuno
1519 729 1606 770 fere
1635 729 1757 770 volu*-

315 783 449 833 mine,
495 797 545 823 ac
583 797 675 824 cum
707 785 892 823 futurum
934 783 986 823 sit
1013 789 1059 822 ut
1090 783 1131 823 in
1161 785 1347 838 sequenti
1385 784 1533 825 eadem
1558 784 1755 839 perplura

314 845 547 888 recurrant,
577 846 648 879 aut
678 839 823 893 quibus
851 838 952 879 haec
981 844 1109 878 essent
1125 837 1377 882 illustranda.
1435 838 1583 879 Leonis
1609 842 1758 880 Arme-

313 893 354 932 ni
381 894 479 943 vita,
507 894 687 934 subiecta
713 894 975 948 Theophanis
1005 894 1136 947 operi,
1164 894 1322 935 incerto
1353 899 1526 934 auctore
1555 909 1600 935 ex
1625 895 1753 950 Regio

312 948 534 1001 producta,
556 950 668 1003 prius
699 948 783 1004 ipsa
802 949 1065 1002 recensenda,
1098 962 1204 1003 quae
1232 961 1306 990 nec
1328 949 1418 1003 >ipsa
1432 948 1663 1004 spernenda
1682 955 1754 991 est.

422 1016 441 1054 1
499 1012 572 1054 καί
597 1014 738 1056 λοιπὸν
775 1011 971 1068 Μιχαὴλ]
1002 1015 1056 1056 ita
1080 1031 1138 1056 ms
1166 1016 1259 1056 cod.
1289 1016 1360 1071 qui
1380 1015 1526 1056 modus
1556 1014 1752 1072 loquendi

313 1068 464 1108 indicat
493 1084 573 1110 esse
600 1070 700 1110 haec
727 1085 773 1110 ex
804 1070 983 1123 pleniori
1015 1070 1199 1120 historia,
1231 1071 1283 1111 ad
1313 1072 1643 1125 supplementum
1672 1071 1750 1112 ali-

313 1125 426 1178 quod
460 1124 765 1178 Clironologiae
791 1124 1066 1179 TheophaniS,
1097 1131 1293 1165 extracta.

421 1191 444 1229 2
502 1191 644 1230 lacuna
685 1190 804 1230 facile
841 1191 1051 1231 sarcienda
1092 1206 1139 1232 ex
1175 1191 1459 1245 Theophane,
1490 1192 1561 1246 qui
1590 1197 1632 1233 et
1662 1191 1747 1245 ipse

307 1244 444 1297 primo
476 1245 680 1285 Michaelis
711 1260 818 1284 anno
851 1251 1099 1286 coronatum
1138 1246 1194 1285 ait
1223 1247 1306 1286 eius
1335 1247 1464 1286 filium
1483 1246 1750 1312 ‚Theophylw

308 1305 419 1339 ctum
448 1300 513 1341 die
557 1300 608 1339 95
635 1300 898 1341 Decembris:
929 1301 1116 1355 adeoque
1158 1301 1360 1354 scriptum
1389 1301 1441 1341 sit
1470 1299 1530 1348 εἷς
1554 1298 1630 1349 τὰς
1655 1314 1748 1354 ευρ..

304 1351 380 1401 τὰς
408 1354 488 1395 τῶν
515 1355 706 1408 Χριστοῦ
741 1356 919 1407 γεννῶν,
945 1356 1018 1395 nisi
1058 1363 1208 1396 auctor
1246 1357 1432 1396 affectata
1460 1357 1660 1398 brevitate
1690 1357 1750 1398 sic

304 1410 463 1449 locutus
494 1417 577 1460 est,
611 1417 657 1450 ut
687 1416 726 1450 et
754 1411 859 1450 infra
893 1427 931 1465 p.
963 1407 1044 1450 433
1078 1412 1256 1451 Leonem
1286 1425 1503 1451 coronasse
1534 1412 1661 1452 filium
1689 1412 1746 1453 ait

305 1462 560 1517 φθασάντων
598 1465 680 1505 τῶν
712 1460 894 1516 {eandm
942 1466 1174 1519 iterumque
1215 1467 1360 1507 eodem
1388 1466 1514 1506 modo
1545 1467 1747 1522 loquitur,

246 1541 247 1544 =
306 1534 399 1559 cum
429 1521 479 1560 de
508 1520 611 1559 illius
639 1521 732 1560 licta
762 1521 894 1560 crucis
925 1535 972 1560 ac
1003 1521 1184 1575 imaginis
1217 1521 1472 1561 adoratione.

414 1584 441 1625 3
496 1585 708 1633 ποιοῦντες
747 1584 1037 1638 μαἰὀυμοίδας,
1068 1588 1174 1627 Maii
1207 1588 1397 1627 kalendas
1429 1587 1603 1642 tripudio
1638 1588 1747 1628 cde-‘⁸‘

308 1641 485 1680 brantes:
530 1641 581 1680 de
608 1654 687 1694 qua
719 1642 894 1693 profana
922 1643 1159 1682 celebritate
1189 1643 1398 1692 Mem-sius,
1427 1642 1609 1683 Lacerda
1637 1648 1717 1684 etc.

412 1704 440 1744 4
496 1705 569 1745 καί
593 1703 738 1746 λοιπὸν
778 1705 934 1753 ἰδόντες
971 1704 1121 1757 πάντα]
1161 1707 1211 1747 de
1243 1708 1320 1747 hac
1354 1707 1640 1759 Orientalium,
1668 1719 1743 1750 eo-

306 1775 480 1815 rumque
507 1761 629 1800 Ducis
663 1760 809 1800 Leonis
829 1762 993 1801 Armeni
1026 1762 1255 1802 defectione
1285 1777 1368 1802 non
1397 1773 1537 1803 omnes
1567 1775 1743 1805 consen-

305 1816 425 1855 tiunt.
495 1829 588 1854 cum
632 1823 804 1855 auctore
846 1815 946 1855 facit
982 1818 1157 1869 ignatius
1190 1815 1408 1865 diaconus,
1441 1832 1487 1858 ex
1517 1822 1600 1873 qu'o
1635 1821 1752 1860 forte

303 1870 511 1923 acceperit
545 1870 642 1924 ipse,
675 1876 721 1909 ut
753 1877 790 1909 et
812 1870 1044 1911 Cedrenus:
1077 1871 1179 1921 πρὸς
1208 1869 1306 1918 τούς
1333 1871 1403 1912 ἐπὶ
1429 1871 1610 1926 Θράκην
1631 1868 1743 1917 Οὕν-

300 1938 396 1970 vove
425 1922 599 1974 πόλεμος
628 1923 684 1978 τῷ
709 1925 882 1974 βασιλεῖ’
902 1921 1211 1979 συγκεκρότητο,
1245 1927 1288 1966 ἐν
1318 1917 1452 1982 ᾧτῆς
1479 1941 1599 1981 ηττης
1616 1929 1747 1969 Λέων

300 1979 577 2032 πρωτεργέτης
615 1978 832 2030 γενόμενος
860 1978 984 2020 παντί
1001 1979 1056 2035 τῷ
1081 1981 1343 2037 στρατοπέδῳ
1369 1979 1444 2033 τὴν
1468 1981 1558 2035 μετ’
1587 1978 1744 2036 αἰσχύ-

299 2047 371 2086 νης
398 2034 536 2087 φυγήν
564 2031 829 2083 ἑμαιεύσατο.

409 2099 434 2138 5
488 2098 758 2150 monacum]
801 2101 964 2139 insidias
990 2101 1157 2141 hostibus
1194 2111 1355 2142 stt-uere.
1424 2102 1630 2154 familiaris
1664 2118 1740 2154 vox

307 2153 545 2206 I'heophani
587 2168 635 2193 eo
672 2167 788 2194 sensu
817 2152 863 2194 τὸ
890 2155 1163 2208 τροποῦσθαι.
1235 2157 1319 2209 ipse
1348 2157 1569 2211 elegantius
1595 2156 1739 2200 Theo-

300 2208 454 2261 phanes
477 2207 677 2258 λογισμοῦ
704 2223 812 2256 τινος
840 2207 1018 2263 τρόπον,
1048 2211 1105 2251 ait
1142 2225 1227 2252 rem
1259 2211 1739 2264 Grumumexistimasse,

298 2262 530 2302 insidiarum
556 2263 757 2318 quandam
783 2273 938 2304 struem.
1704 2311 1706 2313 ,
1745 2311 1746 2314 ¹

409 2328 435 2366 6
490 2342 607 2368 socer
636 2327 749 2368 cuius
782 2329 858 2369 deo
898 2330 1070 2370 invisum
1102 2331 1319 2384 imperium
1351 2333 1407 2373 ait
1438 2333 1625 2384 Michael,
1660 2334 1737 2374 Ni..

299 2383 504 2436 cepliorus
534 2390 608 2434 est,
636 2384 748 2423 cuius
778 2391 868 2424 erat
897 2386 1106 2439 Procopia
1137 2386 1218 2425 filia
1247 2388 1454 2427 Michaelis
1486 2403 1604 2428 uxor.

409 2451 433 2492 7
490 2446 664 2500 ποιήσας
709 2448 951 2504 ἰδιόχειρον]
995 2451 1051 2491 ita
1089 2452 1327 2504 patriarcha
1366 2453 1624 2504 enitebatur,
1666 2453 1736 2494 sed

299 2516 380 2542 non
412 2503 594 2543 obtinuit
621 2505 767 2544 Leonis
799 2512 887 2545 astu
931 2507 1151 2559 deceptus,
1184 2521 1271 2546 rem
1314 2507 1582 2549 differendam
1610 2523 1735 2563 prae-

297 2558 466 2597 texentis
496 2559 535 2597 in
557 2565 714 2612 tempus
731 2559 840 2600 aliud
863 2561 1130 2610 commodius,
1159 2576 1206 2600 ac
1223 2563 1294 2602 ubi
1313 2564 1587 2616 capessivisset
1603 2564 1736 2616 impe-

299 2613 420 2661 rium,
450 2613 507 2652 uti
530 2615 666 2653 multis
688 2616 864 2668 ignatius
896 2615 1103 2667 diaconus,
1137 2631 1210 2657 nec
1238 2633 1320 2658 non
1349 2619 1618 2659 continuator
1649 2619 1733 2659 Va-

298 2667 467 2706 ticanus.
