1838 3132
290 111 386 158 312
591 93 594 98 ’
723 111 913 154 Lssoms
952 93 1296 152 GRAMMATlcl

288 212 438 268 κλήτου
479 214 629 265 βουλῆς
667 216 750 259 τοῖς
784 211 963 264 τείχεσιν
991 206 1223 264 ε’φεστῶτες
1250 206 1506 248 κατεθεῶντο
1534 205 1586 261 τά
1615 203 1725 260 δραί-

285 295 403 332 μενα.
461 272 512 332 ἦν
537 273 614 318 οὖν
640 275 732 317 τότε
758 277 863 318 ἰδεῖν
881 273 1026 329 ψυχήν
1053 271 1274 326 βασιλικήν
1300 271 1356 328 τῷ
1377 266 1466 312 ὄντι
1493 270 1566 313 καί
1590 286 1724 325 μεγα-

286 342 495 400 λόφρονα,
541 341 612 382 καί
649 337 874 394 θαυμάσαι
913 339 957 382 τὸ
995 341 1069 381 τοῦ
1097 335 1360 394 φρονήματος
1400 335 1724 392 ἀκατάπληκτον,

285 407 395 458 ὅπως
421 404 624 461 τοσαύτην
652 408 857 459 πολεμίων
882 409 1046 459 βλέπων
1071 402 1281 459 ἐπιφοράν
1308 404 1362 444 ου’
1387 402 1621 458 κατεπλάγη
1649 403 1724 444 καί

284 475 511 526 συνεστάλη
555 471 627 513 καί
668 470 966 526 ὑπεχώρησεν,
1006 471 1095 513 ἀλλ’
1137 466 1276 523 ὥσπερ
1317 470 1378 518 εἰς
1406 471 1541 524 φίλων
1567 470 1758 524 ulii-9035

282 541 435 594 χωρῶν
458 535 588 586 οὕτως
618 539 804 592 ἀτρέμας
834 537 974 593 ἀπῄει,
1011 534 1238 589 μονονουχὶ
1265 533 1338 590 τὴν
1369 534 1513 589 ψυχὴν
1538 538 1624 584 τοῖς
1650 548 1725 575 πο-

286 608 443 659 λεμίοις
469 605 554 646 τῶν
596 602 787 659 ὑπηκόων
823 602 966 652 διδοὺς
1005 604 1256 656 ἀντίλυτρον.
1311 603 1470 655 πρῶτος
1499 595 1576 642 οὖν
1602 600 1648 641 έν
1673 600 1727 655 τῇ

286 668 463 727 ῥηθείσῃ
505 669 730 728 ἀποβάθρᾳ
757 667 1003 722 καταλαβών
1040 665 1114 708 τὸν
1140 664 1317 720 Συμεών
1345 667 1582 720 ἐξεδέχετο·
1636 665 1729 707 ε’πεί

156 751 191 783 p,
205 749 270 783 501
287 738 333 778 δὲ
359 732 508 791 ὅμηροι
544 737 587 786 ἐξ
624 734 877 791 ἀμφοτέρων
904 733 1175 790 ἐλήφθησαν,
1205 734 1278 774 καὶ
1306 729 1382 787 την
1407 729 1658 786 ἀποβάθραν
1687 727 1727 772 οἷ

284 801 518 855 Βούλγαροι
563 797 881 856 διηρευνὴσαντο
925 799 1108 852 ἀκριβῶς
1149 795 1210 853 μή
1237 794 1325 847 πώς
1353 812 1414 847 τις
1441 796 1560 846 δόλος
1586 791 1615 852 ἢ
1639 793 1726 839 ἕνε-
1739 806 1783 841 10

287 869 369 922 δρα
396 864 595 923 τυγχάνῃ,
626 869 834 921 κατῆλθεν
851 864 1027 918 Συμεών
1051 865 1126 906 τοῦ
1149 866 1291 918 ἵππου,
1317 865 1390 906 καί
1417 861 1520 917 πρὸς
1549 861 1620 904 τὸν
1648 865 1727 916 βα-

285 934 405 975 σιλέα
429 933 635 987 εἰσῆλθεν.
699 931 991 984 ἀσπασάμενοι
1028 925 1105 972 οὖν
1145 927 1351 984 ἀλλήλους
1385 926 1550 983 εἰρήνης
1578 925 1729 981 λόγους

286 1001 496 1055 ἐκίνησαν.
554 1000 684 1040 εἰπεῖν
713 1000 759 1039 δὲ
787 1000 949 1051 λέγεται
976 997 1050 1039 τὸν
1067 999 1243 1050 βασιλέα
1270 995 1375 1051 πρὸς
1397 995 1572 1049 Συμεών
1596 995 1729 1051 “a'mj-

287 1065 364 1107 κοά
388 1080 437 1107 σε
467 1067 651 1117 θεοσεβῆ
674 1059 896 1117 ἄνθρωπον
925 1065 996 1105 καί
1021 1062 1282 1118 Χριστιανὸν
1309 1060 1552 1117 ὑπάρχοντα
1580 1061 1729 1118 ἀληθι-

286 1130 382 1182 νόν,
422 1133 562 1184 βλέπω
608 1131 655 1172 δὲ
693 1129 741 1170 τά
771 1129 872 1184 ἔργα
907 1130 1112 1184 μηδαμῶς
1147 1134 1231 1178 τοῖς
1258 1129 1397 1181 λόγοις
1427 1128 1726 1183 συμβαίνοντα.
1741 1137 1785 1172 15

285 1196 397 1240 ἴδιον
421 1198 501 1250 μὲν
537 1194 615 1251 γάρ
659 1196 883 1248 θεοσεβοῦς
925 1193 1153 1250 ἀνθρώπου
1193 1196 1265 1236 καί
1291 1195 1550 1250 Χριστιανοῧ
1576 1192 1622 1236 τὸ
1654 1192 1729 1249 τήν

285 1261 453 1318 εἰρήνην
481 1265 552 1304 καί
589 1260 663 1316 τὴν
688 1260 852 1316 ἀγάπην
893 1258 1241 1315 ἀπασπάζεσθαι,
1269 1260 1383 1317 εἴπερ
1417 1259 1440 1302 ὅ
1466 1259 1563 1310 θεὸς
1589 1259 1728 1315 ἀγάπη

286 1326 378 1370 ἔστι
406 1329 478 1368 καί
505 1330 675 1380 λέγεται,
703 1327 878 1380 ἀσεβοῦς
903 1327 949 1368 δὲ
978 1327 1051 1368 καί
1076 1326 1255 1369 ἀπίστου
1278 1325 1324 1368 τὸ
1354 1325 1519 1381 χαίρειν
1546 1330 1731 1382 σφαγαῖς

289 1396 360 1436 καί
386 1394 560 1444 αἳμασιν
599 1394 751 1441 ἀδίκως
792 1394 1058 1446 ἐκχεομένων.
1125 1394 1266 1446 εἰμὲν
1301 1388 1377 1434 οὖν
1417 1392 1581 1447 ἀληθὴς
1617 1394 1731 1445 Χρι-

255 1458 460 1507 Βστιανός
487 1457 700 1514 ὑπάρχεις,
725 1460 866 1508 καθώς
898 1457 1322 1514 πεπληροφορήμεθα,
1349 1458 1505 1513 στῆσον
1531 1473 1629 1499 ποτε
1654 1456 1727 1507 τὰς
1739 1465 1787 1500 20

290 1524 462 1572 ἀδίκους
490 1523 657 1580 σφαγὰς
684 1524 758 1565 καί
783 1523 858 1575 τάς
887 1527 970 1566 τῶν
1007 1524 1186 1566 ἀνοσίων
1215 1523 1403 1578 αἱμάτων
1428 1523 1631 1579 ἐκχύσεις,
1658 1525 1732 1565 καί

290 1596 462 1632 σπεῖσαι
500 1595 598 1644 μεθ’
638 1590 756 1646 ἡμῶν
794 1592 876 1633 τῶν
905 1592 1176 1647 Χριστιανῶν
1203 1590 1278 1646 τὴν
1313 1588 1490 1646 εἰρήνην,
1521 1592 1730 1645 Χριστια-

292 1777 342 1809 cis
365 1777 605 1821 pronuntiatis
645 1790 706 1810 ceu
733 1779 978 1824 imperatorem
1019 1779 1143 1812 faustis
1170 1778 1479 1824 prosequebantur
1501 1778 1727 1811 acclamatio-

292 1822 411 1856 nibus.
462 1825 631 1858 senatorii
659 1837 762 1870 porro
788 1825 922 1858 ordinis
938 1826 999 1858 viri
1023 1827 1130 1859 muris
1153 1826 1268 1859 innixi
1291 1837 1382 1871 quae
1408 1825 1542 1859 fiebant
1566 1830 1730 1858 contem-

291 1869 494 1915 plabantur.
543 1877 703 1915 spectatu
727 1883 810 1904 vero
842 1871 1046 1916 dignissima
1073 1884 1124 1906 res
1163 1873 1233 1906 fuit
1254 1874 1391 1906 animus
1417 1872 1480 1905 iile
1505 1872 1729 1918 imperatoris

293 1916 420 1959 dignus
445 1922 482 1949 et
513 1918 682 1958 excelsus,
711 1920 797 1951 mira
837 1930 890 1951 res
914 1919 975 1952 ina
1003 1920 1131 1952 mentis
1158 1920 1260 1953 nulio
1285 1925 1389 1964 pacto
1419 1925 1536 1952 motae
1561 1923 1728 1951 constan-

295 1964 361 2001 tia,
388 1975 479 2008 quae
509 1969 648 1997 tautum
673 1966 872 2010 percipiens
898 1965 1052 1999 hostium
1088 1967 1274 2012 appulsum
1302 1966 1404 1999 nuiio
1434 1965 1541 1998 modo
1566 1970 1731 1998 conster-

293 2015 376 2042 nata
401 2015 462 2042 aut
490 2021 646 2055 repressa
671 2017 734 2052 est,
750 2012 812 2044 sed
831 2024 896 2044 nec
921 2013 1136 2053 retrocessit,
1161 2013 1324 2058 quinimo
1346 2013 1446 2046 velut
1471 2013 1508 2045 in
1535 2013 1729 2044 amicorum

293 2061 434 2088 coetum
459 2067 495 2088 se
522 2058 709 2097 conferret,
735 2059 785 2091 sic
811 2059 1010 2104 intrepidus
1043 2061 1233 2104 processit,
1264 2064 1401 2093 tantum
1425 2059 1576 2092 animam
1601 2057 1728 2091 subdi-

292 2107 408 2135 torum
433 2104 556 2136 salutis
584 2105 735 2148 pretium
760 2104 924 2138 hostibus
946 2117 1017 2138 non
1048 2109 1210 2139 offerens.
1260 2107 1358 2151 prior
1375 2106 1497 2151 itaque
1525 2104 1571 2138 ad
1598 2105 1747 2138 dictam*

291 2148 491 2182 machinam
516 2151 726 2195 perveniens
754 2152 951 2185 Simeonem
979 2153 1276 2198 praestolabatur.
1328 2157 1367 2185 ut
1395 2151 1537 2185 obsides
1561 2163 1604 2184 ex
1629 2156 1730 2184 utra-

293 2206 365 2241 que
392 2201 491 2240 parte
517 2196 591 2228 dati
616 2203 708 2237 sunt,
734 2199 870 2242 Buigari
890 2210 986 2240 vero,
1011 2211 1056 2232 ne
1084 2200 1164 2244 quis
1185 2199 1287 2232 dolus
1311 2204 1372 2232 aut
1385 2198 1533 2231 insidiae
1562 2198 1730 2237 laterent,

291 2240 491 2275 machinam
515 2242 706 2286 diiigenter
731 2247 940 2288 perscrutati
966 2252 1058 2286 sunt,
1095 2247 1237 2279 Simeon
1278 2257 1371 2291 equo
1396 2245 1566 2279 desiliens
1590 2244 1635 2277 ad
1660 2245 1728 2276 im-

291 2294 489 2332 peratorem
522 2291 680 2331 accessit,
705 2291 857 2336 dataque
883 2293 1032 2325 invicem
1059 2293 1172 2325 salute
1202 2293 1296 2336 pacis
1320 2297 1506 2326 tractatum
1529 2295 1727 2324 moverunt.

291 2336 485 2379 imperator
518 2335 647 2369 dixisse
690 2338 799 2370 sertin
822 2338 866 2371 ad
890 2339 1092 2371 Simeonem
1128 2340 1263 2372 “virum
1299 2338 1354 2371 dei
1393 2339 1564 2372 cultorem
1589 2343 1625 2371 et
1645 2347 1730 2370 vere

292 2381 534 2415 Christianum
560 2383 680 2415 audivi
709 2389 764 2417 te:
791 2395 909 2418 verum
935 2397 1041 2430 opera
1065 2385 1179 2418 verbis
1203 2386 1407 2418 nullatenus
1436 2384 1666 2418 consonantia
1689 2383 1728 2416 in

291 2433 327 2460 te
355 2429 543 2473 perspicio.
593 2431 773 2474 proprium
810 2432 903 2464 enim
940 2433 1007 2464 viri
1042 2432 1100 2464 dei
1125 2432 1270 2464 cultoris
1307 2438 1343 2465 et
1367 2431 1557 2465 Christiani
1583 2435 1636 2464 est
1660 2440 1727 2474 pn·-

290 2485 365 2506 cem
391 2480 427 2508 et
445 2477 626 2509 caritatem
661 2477 840 2521 amplecti,
868 2478 1042 2524 siquidem
1079 2478 1166 2511 deus
1189 2479 1315 2511 caritas
1344 2484 1396 2511 est
1425 2484 1462 2511 et
1484 2478 1632 2510 dicitur:
1658 2476 1728 2508 im-

288 2520 340 2563 pii
354 2532 437 2554 vero
455 2528 491 2555 et
516 2522 671 2555 infidelis
697 2530 750 2556 est
773 2524 941 2557 caedibus
968 2531 1003 2558 et
1027 2536 1151 2557 cruore
1176 2525 1304 2557 iniuste
1325 2525 1402 2557 fuso
1428 2524 1592 2569 gaudere.
1620 2522 1728 2566 igitur

289 2567 318 2598 si
346 2578 426 2600 vere
452 2574 487 2601 te
516 2568 756 2602 Christianum
782 2572 971 2615 profiteris,
998 2572 1087 2604 sicut
1113 2577 1209 2604 certo
1235 2577 1409 2612 tenemus,
1437 2581 1618 2615 compesce
1643 2575 1725 2601 tan-

289 2611 368 2645 dem
396 2615 521 2648 caedes
547 2616 706 2656 iniustas,
733 2622 768 2649 et
794 2618 941 2650 scelesta
967 2618 1146 2661 sanguinis
1182 2619 1355 2650 effusione
1384 2617 1535 2656 abstine,
1561 2621 1598 2649 et
1619 2614 1728 2647 nobi-

288 2669 384 2694 scum
410 2661 629 2706 Christianis,
657 2674 736 2698 cum
763 2664 840 2712 ipse
865 2664 1085 2700 Christianus
1109 2664 1156 2699 sis
1182 2670 1219 2700 et
1248 2665 1454 2707 nomineris,
1477 2663 1574 2713 pacis
1599 2660 1728 2698 foedus
