1838 3132
385 146 455 185 DE
480 141 885 185 THESSALONJCA
913 141 948 182 A
975 139 1186 181 LATlle
1214 136 1405 179 CAPTA.
1524 124 1620 174 413

171 248 354 300 θρωπον,
385 244 588 298 ἀδικήσας
618 245 678 293 εἰς
697 242 914 296 βασιλείαν
943 241 1015 282 καί
1040 238 1224 294 μεγάλου
1255 236 1396 290 τυχών
1426 234 1621 290 πράγμα-

172 326 255 361 τος.
314 309 335 352 ὅ
367 313 404 352 ‹5’
435 309 541 351 ἀλλὰ
573 308 675 363 πρὸς
708 307 844 350 δεινὸν
862 310 967 360 μέγα
995 304 1304 358 μεταπλασθεὶς
1332 303 1381 359 τῇ
1413 302 1621 358 θηριωδιζι

173 375 221 420 τὸ
252 377 356 420 κατὰ
390 378 554 419 πάντων
585 375 768 432 φοβερὸν
785 371 1145 427 πραγματεύεται,
1175 372 1246 412 καί
1271 371 1422 425 α’φίησι
1447 369 1523 420 μὲν
1546 385 1624 408 πα-

174 442 252 498 τὴρ
284 443 341 493 (ὃς
372 439 492 498 ἤπιος
515 439 636 494 εἶναι,
657 442 923 493 α’νθαιρεῑται
953 441 999 480 δὲ
1019 441 1248 490 μαίνεσθαι
1270 436 1401 478 οὐκέτ’
1430 434 1623 481 α’νεκταῖς.

141 511 250 552 ὅκαί
276 507 332 559 ὥς
361 509 476 562 εἴπερ
505 507 634 563 μικρὰ
663 506 794 548 ἐποίει
820 506 940 557 κακοί,
986 502 1055 546 ὅτε
1086 504 1302 560 πρόφασιν
1326 499 1414 556 εἶχε
1448 500 1524 555 τήν
1551 500 1624 542 τοῦ

173 577 380 629 βασιλέως
408 577 590 627 Ἀλεξίου
621 575 899 627 περιποίησιν,
929 569 1287 622 πολλαπλασιάζει
1312 570 1361 611 τὰ
1388 569 1492 622 ὑπὲρ
1523 563 1623 608 ἑαυ-

174 645 251 684 τοῦ
278 642 350 683 καί
375 643 448 683 τοῦ
476 639 625 689 παιδὸς
652 640 860 690 Ἰωάννου,
889 637 961 679 καί
989 637 1048 686 εἰς
1078 634 1209 684 οὕτως
1240 632 1422 677 ἄποπτον
1450 635 1622 686 ἐκκορυ-

176 714 257 764 spo?
281 707 352 750 τὸν
377 710 450 761 τῆς
481 709 634 758 μανίας
665 703 844 746 κολωνὸν
876 701 931 752 ὦς
948 703 1020 745 καί
1036 703 1109 744 τόν
1138 702 1327 757 Ἰωάννην
1356 701 1630 753 οἷναβλέψαν,

174 775 227 817 τοί
255 788 357 815 ποτε
389 775 541 814 παθεῖν
580 771 746 825 ἴλιγγον.
815 770 886 811 καί
914 772 1049 811 τοίνυν
1078 769 1149 809 καί
1182 768 1420 820 α’νεκάλυψέ
1444 781 1543 808 ποτε
1570 769 1626 821 τῷ

119 839 162 874 10
175 842 304 893 πατρί
344 841 415 880 καί
455 840 607 887 ἐκεῖνος
645 837 690 880 τό
724 837 827 880 κατὰ
867 835 1014 890 ψυχὴν
1043 835 1205 886 πάθος,
1236 837 1306 876 καί
1336 832 1465 885 ἔδειξε
1492 833 1625 889 φόβον

173 905 287 960 ἔχειν
322 908 380 954 εἰς
410 905 454 947 τὸ
498 908 650 958 μέλλον
678 907 745 960 ἐφ’
780 900 841 953 οἷς
871 902 892 944 ὁ
923 903 1060 957 πατὴρ
1103 897 1199 954 ἄρτι
1224 898 1494 955 θρασύνεται,
1551 897 1623 941 καὶ

173 970 390 1015 ὗποκλαιέι
425 974 503 1026 μὲν
545 968 897 1025 μαλθακώτερον,
940 971 1013 1011 οὐκ
1043 969 1258 1010 α’ποκναίει
1288 969 1333 1010 δὲ
1361 968 1431 1009 τὸν
1462 967 1624 1020 πατέρα

172 1042 248 1081 τοῦ
276 1041 321 1081 ἐν
358 1044 499 1086 κακοῖς
545 1037 818 1090 ἀνδρίζεσθαι
863 1038 935 1078 καί
974 1035 1086 1077 δεινὰ
1133 1035 1374 1087 βούλεσθαι.
1443 1032 1508 1074 ὁιὸ
1554 1031 1627 1074 καί

173 1108 490 1162 προαναφωναῖν
525 1103 571 1146 τὸ
616 1101 745 1145 καλὸν
787 1105 936 1152 ἐκεῖνος
981 1100 1194 1155 βούλευμα
1230 1100 1430 1153 γυναῖκάς
1456 1114 1499 1141 τε
1529 1098 1625 1148 τούς

119 1171 161 1205 15
175 1169 294 1221 υἱοὺς
338 1173 559 1226 προσέφη,
598 1172 818 1219 ἑπιπλέξας
865 1171 1052 1211 ἐνταῦθα
1093 1167 1164 1209 καί
1192 1165 1265 1209 τὸν
1294 1166 1528 1221 Μανουὴλ,
1555 1164 1628 1207 καί

173 1240 405 1292 ἐπαρᾶται,
445 1236 504 1290 μὴ
546 1233 596 1277 ἂν
629 1237 688 1284 εἷς
718 1231 833 1286 ἄξιον
876 1238 1015 1277 ἐλθεῖν
1043 1236 1116 1275 τοῦ
1150 1233 1289 1290 ἡσυχῇ
1320 1231 1473 1286 ζήσειν,
1498 1248 1627 1286 μεγα-

174 1307 310 1352 λείους
336 1303 490 1354 μόνους
521 1302 703 1350 ἐκείνους
733 1304 979 1354 ἐσομένους,
1010 1299 1113 1342 ἐπὰν
1143 1299 1165 1339 ὁ
1199 1298 1334 1354 πατὴρ
1363 1299 1499 1340 θάνοι.
1555 1297 1629 1339 καὶ

173 1369 377 1422 κομπάζει
406 1370 713 1423 μακελλαρίους
735 1369 882 1423 (εἰπεῖν
912 1371 999 1408 κατ’
1029 1368 1200 1421 ἐκεῖνον)
1224 1366 1295 1407 καί
1319 1365 1527 1419 μάγγιπας
1556 1364 1629 1406 καί

172 1437 320 1493 μύρων
349 1433 506 1491 ἓψητὰς
530 1437 694 1488 μέλλειν
724 1432 904 1491 α’φὴσειν
934 1438 1151 1487 περιεῖναι,
1179 1433 1252 1474 καί
1279 1432 1470 1475 τοιούσδε
1498 1431 1628 1483 τινάς,

117 1498 233 1547 2Οῶν
276 1501 402 1545 αὐτοὶ
435 1499 625 1556 ἄρξοντες
664 1498 836 1554 ὕστερον
869 1501 968 1556 εἰκῇ
1005 1495 1100 1553 ἄρτι
1130 1501 1432 1551 δειλαίνονται,
1463 1495 1627 1552 μεγάλα

174 1568 390 1624 σεμνύνων
421 1570 573 1617 ἐκεῖνος
601 1567 676 1622 τήν
707 1569 926 1622 βασιλείαν
955 1572 1035 1615 τοῖς
1065 1567 1220 1608 παισίν.
1276 1567 1316 1608 εἰ
1342 1562 1454 1607 οὕτω
1479 1579 1627 1618 μικρο-

134 1660 137 1663 <
173 1641 360 1690 βασιλεῖς
395 1635 702 1689 α’ποβὴσονται,
744 1632 888 1686 ὅμοιον
935 1633 990 1682 ὥς
1031 1634 1069 1675 εἰ
1108 1632 1179 1674 καί
1206 1630 1415 1687 Γιγάντων
1455 1635 1629 1674 α’ποστε-

177 1704 262 1758 ρῶν
303 1705 441 1745 ἐθέλοι
486 1705 839 1757 παραμυθεῖσθαι
891 1696 951 1749 οἷς
997 1702 1236 1753 Πυγμαίων
1284 1695 1424 1754 ἄρξειν
1472 1695 1629 1746 αὐτούς

178 1767 423 1824 ὑπόσχοιτο.
1596 1774 1602 1778 ”

181 1899 320 1946 perium
342 1905 515 1944 grassatus
537 1904 573 1932 et
596 1899 710 1942 magni
733 1899 805 1931 voti
826 1909 967 1943 compos
986 1897 1110 1931 factus.
1162 1898 1338 1930 enimvero
1368 1898 1404 1929 in
1433 1901 1629 1930 monstrum

182 1947 342 1980 terribile
369 1952 527 1979 mutatus
555 1946 708 1986 ferocia,
738 1945 904 1978 adversus
932 1955 1054 1978 omnes
1074 1944 1249 1978 horrenda
1275 1950 1387 1989 parat,
1411 1955 1478 1977 nec
1498 1945 1632 1988 cogitat

183 1993 227 2027 de
241 1995 429 2027 Homerica
452 1994 513 2026 illa
537 1994 689 2026 lenitate
706 1998 866 2038 paterna,
892 1991 954 2025 sed
971 1992 1089 2025 induit
1113 2003 1177 2037 pro
1195 2004 1235 2024 ea
1260 1991 1439 2024 saevitiam
1463 2002 1536 2028 non
1560 1993 1631 2024 iam

183 2041 421 2074 tolerabilem.
482 2043 604 2087 itaque
621 2065 630 2080 ‚
656 2041 758 2085 quasi
786 2051 909 2085 parum
944 2040 1028 2072 mali
1049 2039 1214 2080 fecisset,
1240 2050 1349 2084 quum
1373 2037 1633 2084 praetendebat

186 2089 408 2134 imperatoris
436 2089 549 2121 Alexii
578 2089 741 2128 salutem,
771 2086 990 2131 multiplicat
1010 2087 1100 2127 iam,
1129 2098 1222 2132 quae
1251 2098 1311 2119 sua
1338 2092 1373 2119 et
1396 2086 1540 2118 Ioannis
1566 2085 1631 2118 filii

186 2146 288 2168 causa
306 2136 462 2176 molitur,
489 2135 658 2175 facinora,
686 2140 723 2167 et
747 2133 793 2166 ad
810 2145 886 2167 eam
913 2133 1141 2167 altitudinem
1167 2134 1318 2167 exstruit
1335 2133 1461 2165 furoris
1488 2133 1631 2173 molem,

186 2188 228 2216 ut
251 2183 327 2228 ipse
354 2184 461 2216 etiam
487 2184 639 2216 Ioannes
678 2181 860 2227 quondam
884 2181 1058 2224 vertigine
1097 2187 1280 2226 correptus
1305 2181 1361 2214 sit.
1401 2180 1541 2224 aperuit
1566 2180 1632 2224 igi-

186 2236 245 2264 tur
271 2230 333 2262 ille
357 2230 449 2275 patri
477 2231 585 2263 animi
613 2228 884 2274 aegritudinem,
908 2238 1018 2274 seque
1044 2228 1088 2261 de·
1114 2228 1235 2261 futuro
1260 2228 1450 2261 sollicitum
1480 2238 1556 2260 esse
1583 2227 1632 2260 si·

187 2276 368 2321 guificavit
402 2283 547 2323 propter
573 2288 613 2310 ea
630 2303 639 2319 ,
676 2287 768 2322 quae
792 2281 895 2320 pater
919 2274 1080 2309 auderet.
1141 2276 1301 2308 lacrimas
1326 2274 1446 2308 fundit
1474 2274 1632 2314 mollius,

187 2335 255 2357 nec
281 2323 428 2357 cohibet
451 2330 586 2369 patrem
607 2335 626 2356 a
665 2324 779 2369 pravis
803 2323 958 2368 inceptis
991 2329 1027 2355 et
1050 2323 1202 2356 exitiosa
1229 2322 1386 2355 audacia.
1436 2322 1525 2365 quin
1550 2322 1631 2361 imo,

189 2371 351 2416 pulcrum
379 2371 441 2403 ille
468 2374 629 2416 aperiens
650 2371 850 2409 consilium,
878 2375 914 2403 et
939 2370 1089 2403 feminas
1115 2370 1210 2404 filios
1237 2370 1408 2415 appellat,
1427 2369 1631 2402 Manuelem

190 2429 336 2464 quoque
365 2416 422 2451 hic
447 2423 606 2462 tangens,
635 2424 670 2451 et
697 2429 777 2451 cum
802 2417 1057 2462 imprecatione
1087 2417 1291 2458 adseverat,
1318 2428 1390 2449 non
1420 2427 1507 2456 esse,
1534 2414 1632 2462 quod

189 2465 384 2509 tranquille
425 2466 581 2506 viveret,
621 2465 683 2499 sed
714 2465 919 2509 magnificos
950 2464 1045 2497 solos
1071 2465 1154 2498 illos
1190 2465 1290 2504 fore,
1329 2468 1516 2508 postquam
1553 2463 1630 2507 ipse

189 2517 350 2545 mortuus
376 2511 485 2545 soret:
512 2514 769 2558 gloriaturque,
795 2513 987 2544 laniatores
1012 2523 1050 2544 se
1074 2518 1110 2545 et
1131 2512 1283 2557 pistores
1309 2517 1344 2543 et
1368 2516 1630 2554 unguentorum

192 2570 327 2604 coquos
360 2559 520 2604 aliosque
558 2559 595 2592 id
619 2571 729 2604 genus
758 2560 962 2604 relinquere
991 2559 1095 2598 velle,
1126 2558 1258 2604 quibus
1293 2558 1345 2590 illi
1372 2564 1496 2602 postea
1520 2558 1631 2602 impe-

192 2606 301 2639 taturi
328 2611 461 2640 temere
486 2607 638 2640 inertiae
663 2619 698 2640 se
723 2606 858 2645 darent,
882 2607 1016 2639 iactans
1032 2606 1218 2651 imperium
1241 2606 1336 2643 filiis,
1362 2616 1433 2650 quo
1459 2611 1530 2638 tam
1555 2604 1629 2637 exi-

193 2664 281 2697 guae
314 2652 497 2697 dignitatis
535 2655 673 2695 forent,
709 2654 813 2699 plane
847 2654 919 2692 ita,
945 2653 1016 2686 acsi
1039 2653 1240 2697 gigantibus
1275 2653 1430 2698 privatos
1455 2652 1633 2687 consolari

193 2700 304 2735 vellet
329 2699 547 2745 pollicendo,
575 2701 754 2747 Pygmaeis
781 2712 839 2734 eos
867 2700 1112 2745 imperaturos.
