1838 3132
669 111 1163 156 CHRONOGRAPHIA.
1541 111 1558 153 1
1571 109 1632 154 57

177 214 305 269 μέχρι
336 213 530 266 τελευτῆς
579 213 714 254 αυ’τοῦ’
751 213 888 269 ἐτάφη
932 215 976 255 ἐν
1019 210 1284 271 μοναστηρίῳ
1322 215 1380 270 τῷ
1410 215 1637 271 osannam&

178 279 260 321 σύν
297 281 348 334 τῇ
383 279 516 333 μητρί
555 279 688 319 αὐτοῦ
727 280 942 336 Μαρτίνῃ.
1012 278 1085 321 τόν
1124 281 1171 322 δὲ
1208 281 1282 334 τῆς
1321 279 1636 336 ἀρχιερωσύνης

179 345 334 402 θρόνον
362 350 528 399 κατεῖχε
555 344 733 394 Παῦλος
761 345 1059 398 διαδεξάμενος
1089 345 1286 402 Πύρρον.

395 450 583 493 Κώνστας
604 444 687 490 υἱός
710 453 1002 488 Κωνσταντίνου
1029 452 1183 499 ἔκγονος
1203 450 1435 498 Ἡρακλείου.

146 549 168 584 5
291 540 494 589 Κώνστας
530 539 800 593 ἑβασιλευσεν
833 537 906 596 ἔτη
943 542 1206 583 εἰκοσιεπτά·
1279 540 1362 598 ἔφη
1395 542 1442 585 δὲ
1469 541 1542 584 ἐπί
1566 557 1638 585 σε-

179 611 342 650 λεντιόυ
373 604 477 662 πρὸς
504 605 580 660 τὴν
610 604 839 662 σύγκλητον
869 609 971 648 “τοῦ
1003 610 1111 660 ἐμοῦ
1137 606 1294 664 πατρὸς
1317 610 1638 651 Κωνσταντίνου

179 673 252 716 ἐπὶ
278 675 386 728 ζωῆς
416 674 490 715 τοῦ
515 673 626 714 ἰδίου
656 672 825 728 πατρός,
856 674 962 727 ἐμοῦ
979 675 1025 716 δὲ
1053 671 1222 716 πάππου
1246 674 1511 731 (Ηρακλείου,
1542 674 1639 717 ἷκα-

178 739 253 782 νόν
280 738 360 782 σόν
383 742 442 796 τῷ
471 741 604 794 πατρί
628 739 970 793 βασιλεύσαντος,
999 739 1106 793 μετὰ
1130 742 1176 783 δὲ
1205 742 1352 784 τοῦτον
1375 743 1470 784 λίαν
1494 741 1638 796 βραχὺ

181 806 224 862 (ὅ
255 805 331 861 γὰρ
365 805 592 860 Μαρτίνης
626 804 784 861 φθόνος
811 809 883 861 τῆς
905 807 1043 849 αὐτοῦ
1057 811 1265 863 μητρυιᾶς
1295 810 1371 850 τοῦ
1405 810 1479 863 ζῆν
1507 809 1641 851 αὐτὸν

123 882 166 917 10
180 871 392 927 ἀπήλλαξε
426 870 497 913 διὰ
522 871 799 928 (Ηρακλωνᾶν
827 873 899 916 τόν
929 875 972 924 ἐξ
1001 873 1132 928 αὐτῆς
1159 869 1265 928 ὅγαν
1298 865 1498 928 α’θὲσμως
1525 891 1642 931 γεγε-

177 941 398 996 νημένον),
426 937 580 994 ταύτην
599 938 707 992 μετὰ
736 942 814 982 τοῦ
833 940 976 982 τέκνου
1004 940 1031 995 ἧ
1060 939 1244 996 ἡμετέρα
1273 939 1352 984 σὺν
1377 942 1463 999 θεῷ
1493 944 1641 998 ψῆφος

177 1005 350 1061 ἐξήγαγε
383 1003 488 1060 πρὸς
531 1005 576 1047 τό
617 1004 675 1061 μὴ
705 1005 779 1048 τὸν
816 1007 1060 1060 ἐξαθέσμως
1101 1008 1173 1049 καί
1200 1007 1385 1061 ἐκνόμως
1412 1011 1641 1063 γενηθέντα

175 1070 481 1126 βασιλεύεσθαι
522 1070 599 1127 τήν
638 1071 861 1126 βασιλείαν
891 1073 1122 1126 Ῥωμαίων.
1195 1071 1275 1128 ἐγώ
1318 1075 1365 1116 δὲ
1404 1076 1641 1129 παρακαλῶ

175 1137 442 1192 συμβούλους
484 1137 597 1193 ἔχειν
641 1138 757 1192 ὑμᾶς
795 1141 869 1181 καί
903 1142 1053 1195 φίλους
1091 1141 1162 1191 καί
1187 1138 1404 1194 γνώμονας
1433 1142 1508 1195 τῆς
1536 1142 1639 1196 ἐμῆς

121 1207 434 1258 15βασιλείας.”
499 1207 573 1247 καί
615 1204 996 1262 φιλοτιμησάμενος
1037 1205 1194 1258 αύτούς
1234 1205 1386 1262 δώροις
1414 1209 1639 1250 α’πέλυσεν.

176 1274 244 1328 ἐφ’
268 1265 320 1312 οὗ
346 1274 487 1326 γέγονε
515 1273 651 1326 βίαιος
677 1268 844 1327 ἄνεμος,
875 1272 949 1314 καὶ
972 1273 1104 1315 πολλοὶ
1137 1274 1292 1328 δένδρα
1322 1273 1534 1316 α’νὲσπασε
1566 1271 1641 1315 καί

176 1339 317 1387 κίονας
346 1340 549 1391 κατέβαλε
581 1340 653 1380 καί
684 1343 809 1380 πλοῖα
837 1341 1100 1394 συνέτριψεν.
1168 1338 1276 1381 α’λλοὶ
1305 1341 1381 1382 καί
1406 1342 1588 1389 Μαυιάς
1615 1337 1639 1380 ὅ

175 1405 258 1446 τῶν
282 1401 477 1458 Ἀροὶβων
498 1401 692 1461 ἀρχηγός,
721 1403 795 1460 τήν
816 1405 963 1448 Ῥόδον
999 1404 1250 1459 καταλαβών
1279 1404 1638 1461 καίπαραλαβών

175 1470 246 1512 τὸν
273 1468 472 1513 κολοσσόν
505 1471 682 1523 (Ρόδου,
713 1470 820 1524 μετὰ
849 1472 968 1525 χίλια
996 1471 1211 1525 τριακόσια
1244 1470 1440 1528 ἑξήκοντα
1469 1471 1537 1527 ἔτη
1566 1474 1640 1526 τῆς

117 1546 163 1580 20
176 1535 305 1591 αὐτῆς
330 1534 540 1591 ἱδρύσεως
579 1540 797 1580 καθεῖλεν·
870 1536 917 1579 ὃν
942 1534 1145 1587 Ἰουδαῖός
1172 1555 1234 1588 τις
1262 1537 1446 1594 ἔμπορος
1475 1538 1641 1593 ὤνησά-

173 1618 299 1655 μενος
326 1600 598 1652 ἑπτακοσίους
626 1602 842 1659 καμήλους
861 1604 1080 1660 ἑφόρτωσε
1097 1603 1169 1646 τόν
1195 1603 1355 1658 χαλκόν
1385 1606 1460 1648 τοῦ
1489 1610 1638 1646 κολοσ-

174 1669 266 1712 σοῦ.
322 1671 504 1720 Μανίας
551 1671 599 1712 δὲ
625 1669 731 1724 μετὰ
773 1673 928 1713 πλοίων
957 1667 1085 1727 ἦλθεν
1114 1672 1158 1713 ἐν
1190 1673 1380 1730 Φοινίκῃ,
1403 1669 1508 1714 ἔνθα
1533 1666 1585 1726 ἦν
1611 1668 1637 1711 ὅ

269 1789 326 1822 21.
351 1787 417 1824 τοῦ
442 1800 500 1822 om
523 1788 550 1822 C

176 1901 246 1935 que
273 1900 380 1934 agens
405 1891 514 1924 vitam
551 1902 665 1938 usque
700 1890 747 1924 ad
771 1897 932 1933 mortem,
956 1892 1122 1926 humatus
1158 1898 1213 1926 est
1242 1893 1280 1926 in
1304 1891 1485 1926 dominico
1509 1903 1636 1925 mona-

175 1938 286 1971 sterio
309 1950 389 1971 cum
421 1944 532 1972 matre
565 1939 732 1973 Martina.
789 1939 910 1972 sedem
945 1941 1218 1985 patriarchalem
1254 1941 1374 1974 tenuit
1400 1940 1543 1981 Paulus,
1569 1939 1634 1986 qui

175 1991 366 2031 exceperat
387 1986 570 2030 Pyrrhum.

422 2087 604 2122 CONSTANS
642 2086 884 2122 Consunrlm
913 2097 1029 2121 muns
1055 2086 1231 2122 HssnAcLu
1270 2096 1389 2121 NEPOS.

270 2174 443 2208 Constans
470 2175 629 2220 regnavit
652 2186 765 2208 annos
789 2174 858 2217 2?;
884 2174 913 2206 is
939 2185 1002 2218 per
1026 2173 1211 2207 silentium
1236 2174 1362 2207 retulit
1388 2172 1435 2206 ad
1460 2178 1633 2207 senatum:

176 2226 392 2267 “postquam
419 2227 546 2267 pater,
587 2233 685 2255 meus
712 2222 966 2256 Constantinus
1001 2222 1142 2255 vivente
1175 2221 1353 2262 Heraclio,
1385 2222 1497 2266 ipsius
1521 2226 1634 2266 patre,

179 2279 257 2301 meo
293 2281 381 2311 avo,
408 2269 495 2303 satis
533 2269 595 2302 diu
630 2281 710 2302 cum
746 2274 847 2314 patre
874 2269 1057 2312 regnavit,
1082 2273 1164 2314 post
1187 2279 1270 2303 vero
1295 2268 1468 2313 perbreve
1493 2271 1635 2312 tempus

177 2315 369 2361 (Martinae
399 2318 494 2349 enim
521 2328 693 2350 novercae
721 2319 812 2357 eius,
839 2316 988 2356 invidia,
1017 2317 1088 2349 vita
1107 2327 1188 2351 eum
1214 2316 1368 2361 privavit
1391 2321 1538 2361 propter
1563 2316 1635 2347 He-

177 2363 357 2396 raclonam
383 2369 506 2397 contra
531 2365 626 2408 leges
652 2376 695 2398 ex
719 2364 784 2397 illa
808 2363 969 2409 natum),
997 2362 1089 2396 hanc
1113 2374 1191 2396 cum
1220 2363 1296 2396 filio
1327 2369 1486 2396 nostrum
1514 2368 1551 2395 et
1574 2361 1634 2395 dei

177 2409 360 2443 decretum
385 2412 537 2456 expulit,
565 2423 623 2452 ne,
648 2412 710 2458 qui
738 2418 862 2444 contra
886 2411 984 2454 leges
1010 2415 1046 2444 et
1070 2411 1233 2444 instituta
1257 2415 1362 2443 natus
1386 2415 1490 2450 esset,
1516 2410 1635 2454 impe-

177 2458 268 2490 rium
293 2459 530 2492 Romanorum
555 2464 713 2495 teneret„
775 2470 839 2502 ego
876 2469 960 2490 vero
993 2468 1123 2491 moneo
1149 2469 1237 2501 vos,
1256 2463 1298 2490 ut
1324 2456 1518 2490 consiliarii
1545 2456 1634 2489 mihi

177 2505 255 2536 sitis
284 2509 321 2537 et
347 2506 449 2538 amici
489 2511 526 2539 et
553 2507 696 2551 imperii
731 2507 800 2539 mei
826 2504 994 2538 iudices.”
1045 2505 1182 2538 dimisit
1206 2515 1266 2537 eos
1294 2504 1493 2537 liberaliter
1517 2503 1633 2537 dona-

177 2557 242 2584 tos.
294 2551 360 2584 sub
387 2563 428 2584 eo
459 2553 582 2597 ingens
611 2559 736 2586 ventus
763 2558 860 2586 ortus
892 2558 945 2585 est
972 2553 1176 2598 multosque
1207 2552 1353 2584 arbores
1380 2551 1574 2595 prostravit
1597 2557 1634 2584 et

176 2599 359 2631 columnas
385 2599 516 2633 deiecit
540 2606 576 2633 et
595 2612 703 2634 naves
734 2599 911 2633 contrivit.
938 2599 1073 2632 Mavias
1098 2610 1194 2640 vero,
1220 2599 1374 2631 Arabum
1394 2597 1478 2638 dux,
1506 2598 1632 2631 Rhodo

175 2653 294 2690 capto,
324 2647 461 2680 colosso
491 2646 629 2680 Rhodio
673 2648 821 2692 potitus,
853 2657 935 2679 eum
973 2647 1101 2680 evertit
1128 2657 1223 2679 anno
1248 2651 1332 2691 post
1363 2656 1468 2690 quam
1494 2646 1632 2689 positus

176 2694 293 2727 suerat
319 2692 417 2727 1306.
481 2695 566 2728 emit
590 2706 670 2728 eum
697 2695 849 2728 Iudaeae
883 2694 1015 2740 aliquis
1047 2700 1222 2728 mercator
1247 2698 1284 2727 et
1308 2691 1376 2726 700
1400 2693 1543 2727 camelis
1571 2703 1630 2726 aes
