1806 3158
615 138 1107 188 CHRONOGRA'PfflA.
1520 138 1584 189 43

137 241 211 285 τὸν
239 242 343 285 θεὸν
371 244 576 297 σέβεσθαι
598 246 804 298 ἐδίδασκε,
848 245 920 287 καί
946 243 1080 296 οὕτως
1106 248 1150 298 ἐξ
1172 247 1330 288 ἐκείνου
1362 250 1587 302 συμβαίνει

137 307 214 364 την
239 311 316 364 γῆν
345 310 390 352 ἐκ
418 313 499 353 τῶν
525 308 700 354 λεόντων
727 312 948 367 ἠρεμῆσαι.
1014 311 1190 362 τούτους
1219 314 1346 355 εἰσέτι
1377 316 1588 369 Σαμαρεί-

138 391 213 424 τας
239 374 320 417 α’πὸ
353 378 425 431 τῆς
461 374 607 432 χώρας
641 377 1024 432 προσαγορεύουσι,
1068 378 1134 420 διὸ
1168 380 1242 421 καί
1269 378 1482 421 α’λλόκοτοι
1511 379 1587 428 τὰς

138 445 416 498 προαιρέσεις,
464 441 536 484 διὰ
582 444 628 485 δὲ
670 442 748 498 τήν
790 446 869 485 τοῦ
896 443 1028 496 νόμου
1067 447 1343 488 διδασκαλίαν
1381 450 1587 500 βραχεῖαν

103 505 287 561 δὲ’χουσι
333 511 573 563 θεοσεβείας
608 508 821 566 ἔμφασιν·
891 510 964 552 καί
992 510 1082 566 ’γὰρ
1123 513 1223 554 ου’δὲ
1263 515 1334 567 τῆς
1366 512 1586 566 δἐκαλόγου

136 577 277 615 πλεῖον
319 579 581 630 παραλαβεῖν
619 577 872 631 ἠξιώθησαν.
942 578 1129 619 ἐνταῦθα
1185 582 1254 634 τῆς
1283 580 1590 634 Ἰσραηλιτικῆς

135 642 354 693 βασιλείας
396 640 435 684 οἱ
484 640 629 696 χρόνοι
679 647 908 698 κατέληξαν
943 644 1002 692 εἰς
1030 642 1100 699 ἔτη
1137 645 1351 701 τριακόσια
1394 645 1489 701 τρία
1518 646 1591 686 καί

135 708 272 760 μῆνας
299 704 418 760 ἑπτά,
448 706 672 762 α’ρξάμενοι
700 711 778 763 μὲν
805 708 885 750 α’πὸ
907 707 1134 764 Ἵεροβοὰμ
1160 713 1236 752 τοῦ
1262 709 1427 765 Ναβάτ,
1454 728 1589 753 κατα-

137 772 335 827 λήξαντες
363 776 410 817 δὲ
451 777 510 822 εἰς
548 775 679 831 Ὠσηὲ
717 775 791 818 τὸν
818 778 895 818 τοῦ
913 771 1013 818 Ἴλα
1049 776 1123 819 καί
1146 776 1222 833 την
1251 774 1332 819 ὑπὸ
1360 780 1589 831 Σαλμανα-

82 838 218 894 ιθσάρ
254 841 328 881 τοῦ
360 840 534 896 Ἰσραήλ
581 844 840 895 μετοικεσίαν
883 841 961 884 αἠὂ
1015 846 1258 897 Σαμαρείας
1298 844 1356 894 εἰς
1395 845 1588 900 Μηδίαν.

136 899 297 960 ἤκμαζε
326 908 372 949 δὲ
416 907 489 949 καί
523 908 549 964 ἦ
591 911 842 964 προκειμένη
879 916 964 958 τοῖς
991 911 1036 951 ἐκ
1073 912 1215 964 Λαβὶδ
1261 912 1484 964 βασιλέως,
1513 909 1590 965 την

133 972 213 1024 μὲν
244 972 383 1027 α’ρχὴν
407 972 490 1015 dno
521 976 600 1016 τοῦ
647 973 818 1016 δεκάτου
860 977 933 1029 τῆς
973 978 1047 1017 τοῦ
1078 975 1221 1018 Σαούλ
1249 975 1406 1030 ἔχουσα
1433 992 1590 1030 μοναρ-

132 1038 246 1091 χίας,
278 1037 543 1095 καταλήξασα
583 1042 629 1084 δὲ
675 1042 746 1084 ἑπί
784 1041 857 1083 τὸν
894 1049 1136 1097 τριμηναῐόν
1173 1044 1385 1096 Ἰωακείμ·
1441 1045 1587 1085 τοῦτον

135 1103 216 1158 γὰρ
247 1103 271 1146 ὅ
302 1107 678 1162 Ναβουχοδονόσορ
716 1108 852 1151 Ἰούδα
889 1107 1110 1164 πορθήσας
1150 1106 1377 1167 μετῴκισεν
1416 1109 1476 1159 εἰς
1498 1111 1588 1151 Βα-

81 1182 124 1217 15
134 1171 322 1223 βυλαΐνα.

240 1236 495 1280 Ἀκόλουθον
535 1239 679 1282 λοιπὸν
721 1243 968 1297 ἐπιδραμεῖν
1009 1247 1095 1292 τοῖς
1121 1239 1165 1284 ἒν
1192 1247 1279 1292 τοῖς
1305 1237 1588 1297 ἑβδομήκοντα

133 1304 209 1358 τῆς
239 1306 533 1357 αἰχμαλωσίας
576 1305 713 1349 ἔτεσιν
746 1308 1034 1363 ἧγησαμὲνοις.
1102 1305 1205 1362 ἄχρι
1236 1309 1389 1351 τούτου
1414 1310 1492 1350 τοῦ
1521 1324 1590 1350 τε·

135 1371 328 1412 λευταιόυ
353 1370 547 1424 Ἰωακείμ
574 1371 824 1426 συνάγονται
862 1372 944 1415 ἀπὸ
974 1373 1111 1427 Ἀδὰμ
1138 1372 1211 1429 ἔτη
1243 1374 1386 1436 ’δωοβζ
1444 1373 1592 1417 λοιπὸν

137 1428 213 1476 οὖν
243 1433 340 1486 τούς
367 1438 519 1492 ἐφεξῆς
546 1435 729 1491 χρόνους
762 1440 843 1480 ἀπὸ
867 1441 945 1481 ,τοῦ
966 1438 1001 1481 α’
1034 1438 1152 1489 ἔτους
1182 1442 1380 1482 Σεδεκιόυ
1410 1442 1480 1481 δεῖ
1503 1451 1592 1494 ψη-

79 1509 125 1544 20
139 1501 290 1556 φίζειν.
345 1503 613 1558 ἐκπορθήσας
653 1503 675 1544 ὁ
709 1505 1092 1561 Ναβουχοδονόσορ
1120 1505 1172 1548 τοὶ
1200 1505 1491 1560 Ἱεροσόλυμα,
1522 1506 1594 1548 καί

135 1566 207 1609 τὸν
235 1568 425 1621 Ἰωακείμ
451 1570 511 1618 εἰς
539 1572 777 1623 Βαβυλῶνα
805 1570 882 1614 σύν
908 1579 993 1622 τοῖς
1011 1568 1162 1622 ἄλλοις
1189 1573 1427 1627 α’παγαγιόν,
1458 1576 1592 1616 ΙΠαν-

135 1635 289 1676 θανίαν
316 1635 362 1677 δὲ
388 1633 460 1677 τὸν
484 1634 636 1678 τούτου
667 1636 852 1694 α’δελφὸν
882 1640 963 1680 τῶν
1003 1641 1227 1682 ἐπιλοίπων
1252 1641 1428 1693 βασιλέα
1460 1656 1592 1683 κατα-

234 1779 285 1814 10.
314 1780 485 1824 Μήδειαν
508 1782 535 1815 C

139 1903 343 1938 cerdotibus
376 1907 486 1949 misit,
504 1909 566 1954 qui
592 1920 685 1954 quae
709 1909 760 1943 ibi
787 1912 919 1944 sancita
948 1918 1079 1954 essent,
1106 1912 1234 1946 obiret.
1284 1911 1343 1944 hic
1365 1911 1492 1945 Bathel
1519 1911 1587 1946 lia-

137 1952 256 1986 bitans
281 1958 318 1986 et
335 1953 448 1999 legem
468 1966 529 1989 eos
554 1956 676 1989 docuit
701 1962 737 1990 et
760 1957 817 1990 dei
843 1960 1130 2003 venerationem3
1156 1966 1191 1993 et
1216 1962 1266 1993 ita
1292 1970 1335 1992 ex
1359 1970 1402 1992 eo
1425 1965 1587 2005 tempore

138 2000 270 2033 factum
299 2007 364 2042 est,
393 2008 432 2035 ut
455 2007 548 2036 terra
582 2004 750 2037 leonibus
776 2005 999 2039 liberaretur.
1049 2019 1111 2041 eos
1137 2008 1341 2040 etiamnunc
1366 2017 1386 2040 a
1414 2012 1506 2040 terra
1521 2008 1587 2040 Sa-

137 2047 281 2081 maritas
307 2050 515 2094 appellant3
548 2062 658 2096 quare
688 2053 796 2085 etiam
838 2053 1077 2098 singularibus
1116 2060 1200 2088 sunt
1226 2053 1396 2095 moribus,
1425 2059 1463 2087 et
1486 2054 1586 2100 quod

138 2094 253 2138 legem
278 2095 395 2130 edocti
429 2103 536 2138 sunt,
572 2098 715 2132 brevem
740 2099 876 2134 habent
904 2101 1016 2134 divini
1041 2103 1157 2135 cultus
1183 2102 1337 2147 speciem
1354 2126 1363 2141 ,
1387 2112 1467 2134 nam
1493 2101 1586 2135 nihil

137 2147 279 2187 praeter
306 2143 515 2189 decalogum
548 2145 648 2179 aliud
677 2148 789 2180 accire
820 2148 1022 2183 volueiunt.
1080 2155 1155 2183 tum
1179 2148 1416 2183 israelitarum
1441 2160 1586 2193 regnum

138 2189 295 2223 concidit
321 2198 510 2238 postquam
538 2192 660 2227 floruit
686 2194 755 2228 303
779 2205 891 2228 annos
916 2201 952 2229 et
979 2196 997 2230 7
1028 2206 1189 2239 menses;
1217 2197 1359 2229 initium
1387 2196 1504 2230 fuerat
1527 2208 1584 2229 re-

139 2246 208 2279 gno
235 2237 432 2281 Ieroboam,
455 2240 574 2273 Nabat
598 2241 675 2283 filii,
705 2242 785 2275 finis
810 2242 847 2275 in
873 2243 964 2276 Osee
990 2244 1093 2288 regis,
1120 2245 1194 2277 llae
1221 2244 1286 2277 filii
1315 2249 1351 2276 et
1376 2243 1585 2287 migratione

139 2294 184 2316 ex
209 2284 364 2318 Samaria
395 2286 433 2320 in
461 2287 627 2329 Mediam,
664 2300 755 2335 quae
780 2290 849 2323 fuit
881 2289 947 2323 sub
977 2291 1236 2325 Salmanasare.
1281 2290 1431 2325 florebat
1462 2292 1588 2324 etiam-

140 2334 214 2362 tum
237 2343 383 2376 regnum
410 2334 475 2367 sub
501 2335 642 2380 regibus
664 2347 682 2369 e
702 2342 807 2380 gente
825 2337 985 2380 Davidis,
1010 2350 1103 2384 quae
1119 2338 1302 2384 inceperat
1330 2336 1466 2371 decimo
1492 2349 1586 2371 anno

141 2377 238 2421 regni
265 2379 349 2413 Saul
389 2381 561 2427 finitaque
602 2388 656 2416 est
687 2384 856 2417 trimestri
890 2396 997 2429 regno
1026 2385 1190 2428 Ioakim3
1224 2385 1319 2420 hunc
1344 2385 1437 2419 enim
1461 2384 1588 2429 N³b¹¹r

139 2423 364 2460 chodonosor
387 2440 509 2462 everso
534 2429 747 2463 Iudaeorum
778 2443 884 2476 regno
915 2432 1131 2476 Babylonem
1157 2433 1327 2467 traduxit.

232 2474 420 2519 Reliquum
446 2476 553 2520 igitur
578 2483 632 2510 est
657 2489 852 2513 memorare
890 2490 963 2520 eos,
991 2481 1054 2526 qui
1079 2481 1123 2514 70
1150 2480 1365 2525 captivitatis
1390 2479 1490 2512 annis
1515 2490 1586 2525 po-

138 2519 227 2564 pulo
254 2522 495 2565 praefuerunt.
518 2535 630 2569 usque
655 2525 808 2559 adhunc
833 2527 995 2560 ultimum
1008 2527 1145 2561 Ioakim
1171 2533 1253 2561 sunt
1275 2527 1319 2560 ab
1337 2527 1471 2560 Adamo
1499 2527 1585 2560 anni

138 2566 245 2601 4872.
298 2569 367 2602 iam
403 2571 512 2614 igitur
537 2582 629 2616 quae
653 2567 1052 2618 sequuntur‘tempora
1079 2587 1098 2607 a
1139 2575 1253 2620 primo
1283 2573 1460 2607 Sedekiae
1487 2585 1583 2607 anno

112 2632 121 2639 ι
139 2615 359 2648 numeranda
381 2623 472 2651 sunt.
499 2618 839 2662 Nabuchodonosor,
875 2621 1004 2655 deletis
1029 2622 1286 2664 Hierosolymis
1311 2632 1419 2666 quum
1448 2620 1585 2654 loakim

140 2666 178 2694 et
212 2667 348 2696 ceteros
361 2663 576 2706 Babylonem
601 2666 762 2700 duxisset
785 2674 822 2701 et
836 2668 1069 2703 Manthanian
1087 2669 1185 2701 illius
1211 2669 1352 2701 fratrem
1381 2668 1584 2703 reIIctorum

141 2718 258 2754 regem
281 2711 539 2755 constituisset,
563 2724 669 2760 quem
695 2715 801 2749 etiam
819 2714 999 2751 Sedekian
1012 2716 1220 2757 nominavit.
1246 2717 1419 2750 concessit
1444 2721 1483 2751 ut
1498 2726 1585 2762 pace
