1838 3132
291 125 362 166 DE
385 122 785 166 THESSALONICA
811 122 848 164 A
873 123 1082 164 LATINIS
1106 88 1297 164 ἱ(ΖΑΡΤΑ.
1420 121 1513 167 397

80 226 270 282 Ἀλεξήρ,
307 229 551 266 κατασεῖσαι
589 225 635 266 δὲ
678 224 753 277 τῆς
786 224 1084 278 κραταιότητος
1116 222 1187 278 τήν
1224 223 1304 280 [τε]
1342 226 1519 278 μητέρα,

85 291 176 340 ἐπεὶ
200 289 272 340 τὸν
301 288 591 343 ἱστορούμενον
620 287 967 344 πρωτοσεβαστόν
990 289 1330 342 α’ποσκευοὶσοιτο,
1361 288 1521 344 πρωτό-

84 361 194 410 λειον
221 358 375 398 ἐκεῖνον
396 351 629 410 Ἐριννύσιν
656 353 816 404 ἐκδούς·
874 356 947 397 καί
973 358 1193 408 κατέμενεν
1221 352 1334 397 οὕτω
1351 371 1521 410 προκεν-

84 423 206 477 τῆσαι
235 421 310 471 τὰς
329 423 409 464 ταῖν
439 423 654 476 πρακτέων
682 420 829 475 οἷρχοίς.
886 423 959 463 καί
985 421 1204 464 ὥσιώσατο
1231 424 1310 474 μὲν
1337 423 1520 464 ἐνταῦθα

51 490 157 534 ,6καί
180 485 354 543 ὅρκους,
399 486 473 529 καί
510 481 664 536 αὐτούς
708 488 818 536 οἴους
847 490 919 529 καί
949 483 1072 536 ὅσους
1091 519 1102 539 ,
1132 483 1191 530 ὦν
1217 483 1281 537 εἷς,
1304 487 1376 530 καί
1403 487 1424 529 ὃ
1454 486 1525 530 ἑπί

85 556 164 596 τοῦ
188 552 370 608 μεγάλου
411 550 696 607 πανσεβάστου
732 551 922 607 βήματος
957 555 1308 606 τεθεμελιωμένος
1336 555 1396 604 εἰς
1423 570 1520 608 κρη-

84 622 198 676 πῖδα,
228 617 278 674 ἢν
305 619 382 660 οὐκ
408 616 495 661 ἔστι
514 624 755 660 κατασεΐσαι
785 621 1082 672 Χριστιανοῖς·
1137 619 1196 669 εἷς
1223 618 1326 663 αὐτὸ
1357 619 1439 675 γὰρ
1468 617 1520 674 ἦν

83 683 365 740 συμπεπηγώς
399 684 444 726 τό
486 679 592 737 αἷμα
636 687 709 726 καί
745 683 788 726 τὸ
820 685 943 738 σῶμα
981 686 1056 727 τοῦ
1097 688 1284 740 σωτῆρος
1313 689 1519 741 Χριστοῦ,

83 750 136 795 τοὶ
164 752 268 794 πᾶσι
295 748 449 807 φρικτὰ
477 749 549 792 καί
575 750 774 803 πάντιμα.
831 751 972 793 ἐδίδου
991 752 1039 793 δὲ
1065 749 1253 793 ὑπονοεῖν
1282 750 1520 807 ἀσφάλειαν

33 832 74 867 10
87 816 260 866 πίστεως
290 819 508 870 βασιλικῆς
555 817 625 858 καί
650 814 694 858 τὸ
725 819 803 871 τῆς
838 817 1123 872 ταπεινότητος
1149 816 1517 873 ψευδεπίγραφον·

85 885 211 926 πεδοῖ
233 882 311 937 γάρ
341 880 491 924 ἑαυτὸν
517 882 649 936 ῥίψας
677 881 700 923 ὅ
730 883 993 937 Ἀνδρόνικος
1019 883 1092 926 καί
1119 883 1279 926 ἁπαλὸν
1305 882 1519 937 βασιλικὸν

85 949 191 992 πόδα
219 951 335 1005 χειρί
378 944 486 1003 ἄρας
516 949 651 1003 ἠρέμα
690 951 746 1006 τῷ
772 952 936 1006 σκληρῷ
971 951 1168 1008 τραχήλῳ
1197 950 1384 1003 ἐπέθετο,
1411 966 1521 1005 φαν-

83 1014 220 1068 wizam
260 1014 328 1065 ὥς·
358 1011 491 1065 οὕτως
519 1012 598 1057 find
627 1014 736 1057 πόδα
778 1015 834 1072 τῷ
859 1019 1032 1069 βασιλεῖ’
1052 1015 1123 1057 αἐἰ
1152 1014 1396 1070 πατήσεται.
1450 1018 1524 1059 καί

85 1081 137 1123 οὕ
163 1082 303 1135 μόνον,
330 1079 438 1123 ἀλλὰ
458 1080 531 1123 καί
545 1080 777 1136 ἑλαφρίσας
800 1078 1047 1124 ἐπεκάθισεν
1075 1077 1172 1139 ὤμῳ
1188 1082 1390 1139 σφετέρῳ,
1417 1082 1523 1135 πρὸς

30 1147 294 1202 15σύμβολον
330 1149 404 1189 καί
441 1149 559 1189 τοῦτο
597 1147 671 1189 τοῦ
711 1148 771 1196 εἰς
792 1146 992 1204 κεφαλήν
1033 1148 1161 1191 αὐτὸν
1187 1145 1302 1201 ἔχειν
1328 1146 1520 1203 καθάπερ

85 1209 214 1256 ὅσιον.
1356 1254 1357 1257 ,

183 1274 321 1322 ἶΗσαν
361 1281 505 1322 ταῦτα.
563 1281 635 1322 καί
671 1277 710 1321 οἱ
737 1281 816 1332 μὲν
857 1276 1172 1334 α’γχινούστεροι
1202 1277 1274 1320 καί
1301 1275 1379 1322 οἶοι
1408 1277 1521 1332 ἔχειν

83 1344 128 1388 τὸ
157 1347 326 1401 α’ληθιός
355 1345 605 1400 εὖεπὴβολον
620 1340 779 1388 ὤκνουν
809 1345 915 1399 πρὸς
944 1347 1003 1404 τῷ
1031 1346 1156 1398 α’νδρί
1182 1341 1304 1401 εἶναι,
1331 1342 1383 1386 οὖ
1410 1347 1519 1387 πάνυ

84 1411 230 1454 πολλοὶ
255 1413 426 1463 ἐκεῖνοι,
457 1407 507 1453 εὖ
545 1409 786 1464 ὅτιμοίλιστα
813 1411 966 1462 εἰδότες
1005 1408 1090 1461 οἷος
1115 1414 1351 1454 πέπλαστο·
1405 1409 1444 1452 οἱ
1471 1413 1519 1453 δὲ

28 1487 74 1523 20
87 1476 254 1527 πλείους
279 1477 507 1532 παρήγοντο
534 1479 610 1519 τοῦ
638 1478 848 1532 ἀληθοῦς,
880 1479 954 1519 καί
981 1478 1234 1532 η’νθισμένας
1260 1477 1332 1527 τοὶς
1360 1479 1518 1520 ἐκείνου

86 1546 253 1598 τρίβους
286 1542 467 1598 δρῶντες
495 1543 591 1594 τούς
617 1543 824 1598 βοθύνους
847 1543 926 1598 οὐχ
949 1543 1241 1597 ὑπεβλέποντο,
1269 1545 1422 1597 α’γαθοί
1447 1542 1521 1585 καὶ

85 1604 202 1651 οὗτοί
226 1625 272 1664 γε
302 1605 418 1660 ὄντες
446 1611 704 1666 Χριστιανοί,
743 1613 816 1652 καί
844 1612 1025 1667 λογισμῷ
1054 1610 1331 1663 διοικούμενοι
1359 1610 1416 1658 ὥς
1443 1605 1520 1651 οὐκ

86 1671 171 1731 ἄρα
199 1674 414 1726 τοιούτους
443 1673 589 1732 ὅρκους
608 1677 783 1731 συγχέαι
806 1673 1102 1731 κατατολμήσει
1131 1671 1353 1732 ἅνθρωπος
1378 1677 1520 1730 γένους

88 1887 253 1922 ‹lulenter
283 1887 468 1932 imperium
503 1887 617 1920 Alexii
664 1886 791 1932 pueri,
831 1886 1002 1919 deiiceret
1037 1885 1082 1919 de
1119 1895 1236 1919 rerum
1261 1886 1403 1929 fastigio
1441 1898 1519 1920 ma-

89 1941 195 1976 trem,
220 1940 350 1975 exuto,
385 1946 490 1979 quem
523 1934 890 1973 commemoravimus,
915 1938 951 1967 et
974 1932 1207 1977 primitiarum
1230 1933 1310 1966 loco
1336 1933 1438 1966 furiis
1463 1934 1519 1967 di·

87 1988 166 2017 cato
203 1981 464 2026 protosebasto.
522 1992 563 2014 ae
594 1981 830 2026 perseveravit
863 1980 900 2012 in
923 1979 1155 2023 adelineandis
1190 1981 1241 2013 ita
1266 1980 1391 2025 agendi
1420 1981 1519 2025 prin-

87 2030 201 2074 cipiis.
259 2029 390 2062 iuravit
421 2029 508 2074 quin
549 2029 655 2062 etiam
682 2027 933 2067 iurzfiuranda,
967 2032 1003 2060 et
1037 2027 1158 2072 qualia
1193 2028 1256 2061 illa
1287 2027 1517 2073 quantaque!

89 2088 108 2110 e
133 2075 262 2122 quibus
299 2087 407 2109 unum
441 2077 479 2109 in
518 2086 644 2119 magno
682 2074 791 2119 gradu
818 2073 1014 2108 venerabili
1048 2080 1216 2120 tanquam
1249 2075 1518 2108 fundamentum

88 2124 217 2157 iactum
242 2128 307 2163 est,
331 2122 429 2168 quod
453 2129 642 2156 concutere
667 2133 739 2154 non
763 2121 848 2154 licet
871 2120 1090 2155 Christianis.
1140 2122 1177 2155 in
1202 2133 1243 2155 eo
1275 2122 1369 2155 enim
1395 2122 1520 2155 abdita

89 2176 190 2204 erant
208 2180 333 2214 corpus
359 2175 394 2203 et
422 2170 560 2215 sanguis
579 2169 709 2203 Christi
725 2169 922 2209 salvatoris,
948 2168 1083 2201 cunctis
1107 2167 1283 2202 horrenda
1308 2174 1344 2202 et
1369 2180 1521 2202 venera-

87 2217 188 2250 bilia.
238 2227 278 2249 ac
310 2216 484 2258 faciebat,
509 2222 548 2250 ut
571 2227 728 2262 sperares
766 2215 899 2248 firmam
926 2215 1128 2260 imperatori
1154 2215 1272 2257 fidem,
1299 2215 1519 2249 ementieba-

88 2269 218 2309 turque
255 2263 467 2297 humilitatis
505 2265 616 2309 signa.
679 2262 811 2297 etenim
845 2261 943 2295 humi
980 2266 1175 2307 prostratus
1203 2269 1363 2297 tenerum
1392 2262 1519 2308 pedem

89 2311 310 2356 imperatoris
333 2311 405 2344 leni
424 2322 535 2344 ,manu
565 2311 744 2344 sublatum
770 2320 917 2354 asperae
942 2309 1068 2342 cervici
1095 2320 1179 2343 suae
1202 2310 1383 2356 imposuit,
1407 2311 1518 2342 simu-

88 2357 166 2390 lans
189 2358 240 2390 ita
263 2369 299 2390 se
322 2368 460 2403 semper
481 2357 545 2390 sub
569 2358 723 2404 pedibus
747 2356 968 2401 imperatoris
1003 2356 1091 2390 sore.
1148 2357 1250 2401 quid,
1274 2357 1371 2402 quod
1396 2357 1517 2390 suble-

88 2410 206 2437 vatum
230 2405 267 2437 in
292 2403 439 2438 humero
466 2405 534 2437 sibi
562 2405 750 2439 collocavit.
788 2404 1052 2448 imperatorem,
1084 2403 1180 2448 quod
1206 2410 1242 2438 et
1264 2405 1380 2449 ipsum
1405 2403 1517 2436 docu-

89 2456 208 2484 mento
234 2457 336 2492 esset,
358 2452 539 2485 induxisse
567 2463 603 2485 se
633 2453 671 2485 in
694 2452 859 2490 animum,
883 2450 980 2494 quod
1005 2450 1056 2482 fas
1085 2456 1187 2483 esset.

183 2498 284 2542 Quae
313 2509 419 2543 quum
456 2499 506 2531 ita
545 2499 682 2539 fierent,
706 2498 954 2544 prudentiores
980 2502 1017 2530 et
1041 2496 1090 2538 ii,
1116 2498 1178 2542 qui
1203 2496 1377 2530 haberent
1399 2508 1517 2531 veram

90 2543 275 2578 divinandi
299 2544 515 2586 facultatem,
531 2544 758 2586 dubitabant,
780 2556 853 2577 non
877 2543 1065 2577 admodum
1090 2545 1192 2577 multi
1210 2545 1278 2584 illi,
1296 2543 1429 2577 homini
1458 2544 1517 2577 isti

90 2602 128 2624 se
152 2591 357 2635 adiungere,
382 2592 515 2637 optime
547 2593 666 2636 gnari,
691 2604 733 2625 ex
760 2603 830 2636 quo
856 2591 919 2623 ille
954 2591 1032 2624 luto
1059 2591 1171 2624 factus
1202 2597 1305 2624 esset.
1354 2590 1517 2636 plerique

91 2643 208 2672 autem
248 2650 268 2671 a
293 2650 376 2672 vero
405 2638 638 2681 aberrabant,
665 2645 701 2673 et
722 2640 795 2672 vias
820 2637 1069 2680 floridas-dum
1096 2638 1239 2677 vident,
1264 2648 1336 2670 non
1361 2638 1518 2683 suspica-

89 2683 219 2720 bantur
242 2686 353 2720 fossas
377 2686 549 2728 latentes,
570 2685 657 2721 boni
680 2686 737 2720 illi
769 2691 805 2719 et
826 2684 896 2730 ipsi
922 2683 1123 2727 Christiani,
1148 2685 1210 2730 qui
1234 2685 1285 2718 ita
1311 2694 1429 2723 secum
1457 2695 1516 2718 ra·
