1838 3132
243 108 336 159 154
628 97 849 170 [LEoNis
884 97 1268 171 GRAMMAme]

236 214 350 270 παρά
390 215 467 256 τοῦ
505 212 712 266 Μωάμεθ
738 212 878 267 ἔχων,
921 212 1248 269 πληροφορήσας
1293 211 1428 270 αὔτὴν
1465 210 1578 259 εἶπεν
1621 212 1686 259 ὅτι

236 283 375 336 άληθῆ
403 283 537 335 λέγει·
568 275 689 328 οὗτος
718 277 800 333 γάρ
826 279 847 320 ό
879 275 1048 334 ἄγγελος
1075 281 1135 329 εἰς
1153 278 1314 328 πάντας
1334 278 1550 337 προφήτας
1579 283 1686 324 α’πο..

235 349 463 390 στέλλεται.
533 342 637 399 αὕτη
688 346 738 386 δὲ
774 347 832 402 τῷ
870 343 976 402 λόγῳ
1015 346 1091 387 τοῦ
1119 348 1348 400 ψευδαββᾶ
1377 350 1613 404 πεισθεῖσα,
1640 345 1687 399 ὃς

235 408 287 467 ἦν
313 416 386 468 τῆς
410 414 539 467 μονῆς
588 412 670 452 ταῖν
709 412 1049 467 Καλλιστράτου,
1089 413 1142 454 δι’
1175 413 1338 467 αἵρεσιν
1369 413 1586 468 ἐκβληθείς
1615 416 1689 456 καὶ

234 478 467 536 ἑξορισθείς
504 479 576 533 τῆς
601 475 781 533 πόλεως,
811 478 984 533 ἐκήρυξε
1012 483 1104 527 ταῖς
1133 475 1365 534 ὁμοφύλοις
1391 478 1557 532 γυναιξὶ
1581 490 1719 536 προ-5

236 543 374 600 φὴτην
401 542 530 585 αὐτὸν
555 540 689 585 εἶναι·
757 541 830 586 καί
869 542 1096 599 ἐκράτησεν
1133 543 1160 598 ἦ
1201 544 1364 599 αἵρεσις
1406 541 1515 599 αὕτη
1545 543 1685 588 ἔκτοτε

233 609 286 651 τά
316 613 423 665 μέρη
452 611 527 664 τῆς
557 610 788 665 Αἰθριζθου.
845 611 1122 665 ἐνομοθέτησε
1150 611 1196 653 δὲ
1215 616 1301 659 τοῖς
1330 611 1528 666 ὑπηκόοις
1555 611 1691 654 αὐτοῦ’

233 673 297 717 ὅτι
331 675 352 718 ὃ
384 676 633 718 ἀποκτείνων
671 675 825 730 ἐχθρὸν
863 677 995 718 αὐτοῦ
1026 672 1055 731 ἢ
1094 674 1177 718 ‘rino'
1207 677 1378 731 ’ἐχθροῦ
1409 676 1687 733 φονευόμενος

231 743 292 791 εἰς
319 739 577 797 παράδεισον
604 743 842 796 εἰσέρχεται
859 758 870 770 ·
901 740 975 784 τόν
995 744 1041 784 δὲ
1069 742 1325 797 παράδεισον
1350 745 1550 799 σαρκικῆς
1574 742 1687 799 βρώ-

230 823 335 857 σεως
363 810 437 850 καί
459 809 611 861 μίξεως
637 810 846 863 γυναικῶν
868 807 1007 863 ἔλεγεν
1032 804 1152 864 εἶναι,
1181 810 1256 851 καί
1281 809 1355 864 τῆς
1382 811 1535 863 μίξεως
1563 811 1683 864 διαρ-
1698 822 1742 857 10

230 876 283 929 κῆ
309 875 382 917 καί
407 873 685 929 πολυχρόνιον
713 871 822 917 εἶναι
849 874 926 930 τὴν
951 872 1112 930 ἡδονήν,
1138 875 1212 917 καί
1237 871 1344 917 ἄλλα
1373 873 1466 918 τινά
1499 877 1684 926 α’σωτίας

229 943 505 995 καί-μωρίας
545 938 732 997 ῥήματα.
796 942 1120 996 Ἀβουβάχαρον
1162 943 1208 984 δὲ
1239 941 1447 994 Μωάμεθ
1487 943 1683 984 κατέλιπε

230 1006 438 1062 διάδοχον,
465 1008 538 1048 καί
567 1007 764 1058 πολλάκις
793 1010 1095 1063 πολεμηθέντες
1125 1007 1164 1049 οἱ
1189 1010 1278 1060 μετ’
1308 1007 1461 1058 αὐτοὺς
1490 1006 1571 1051 ὖπὸ
1600 1009 1683 1050 τῶν

223 1073 442 1126 Ῥωμαίων
485 1071 789 1129 παραχωρήσει
827 1074 933 1115 θεοῦ
961 1071 1031 1115 διὰ
1062 1072 1139 1123 τάς
1166 1073 1377 1128 ἁμαρτίας
1404 1074 1522 1130 ἡμῶν
1548 1074 1681 1129 ἐνίκη-

229 1155 332 1192 σαν,
382 1141 456 1181 καί
489 1138 625 1182 ἔκτοτε
653 1142 736 1181 τῶν
765 1139 986 1192 Ῥωμαίων
1010 1141 1411 1182 κατεδυνάστευσαν.
1470 1141 1681 1183 ἐπανιτέον
1694 1148 1754 1195 157

229 1209 369 1248 τοίνυν
395 1205 466 1248 ἐπὶ
495 1204 569 1260 τήν
598 1208 869 1262 προκειμένην
899 1204 1100 1261 διήγησιν.
1627 1203 1634 1211 ’

345 1273 491 1314 Ταῦτα
516 1274 686 1321 τελέσας
714 1272 966 1326 ’ΤΙράκλειος
997 1274 1067 1314 ἐπὶ
1094 1270 1535 1314 Κωνσταντινούπολιν
1577 1271 1683 1313 ὑπέ-

228 1349 428 1391 στρεψεν.
484 1335 522 1379 οἱ
560 1339 606 1380 δὲ
632 1341 707 1393 τῆς
735 1335 893 1387 πόλεως
937 1337 1013 1393 τὴν
1038 1336 1202 1380 ἔλευσιν
1228 1338 1359 1380 αὐτοῦ
1384 1337 1544 1392 γνόντες
1573 1337 1682 1380 α’κα-

228 1408 419 1461 τασχὲτῳ
449 1404 570 1460 πόθῳ
611 1404 711 1459 περὶ
738 1403 870 1447 αὐτόν
906 1403 1054 1453 πάντες
1100 1403 1139 1446 οἱ
1179 1407 1223 1446 ὲν
1252 1411 1338 1453 τοῖς
1365 1407 1582 1454 παλατιόις
1609 1407 1681 1460 τῆς

228 1468 355 1524 ἧριάς
380 1471 554 1525 ἐξῆλθον
595 1470 674 1512 σύν
719 1473 776 1528 τῷ
808 1472 1052 1528 πατριάρχῃ
1082 1474 1156 1513 καί
1181 1470 1485 1528 Κωνσταντίνῳ
1514 1475 1740 1525 βασιλεῖ20

227 1539 286 1594 τῷ
322 1536 401 1595 υἱῷ
428 1539 586 1590 αὐτοῦ,
623 1537 907 1591 βαστάζοντες
948 1535 1129 1587 κλάδους
1155 1539 1320 1585 ῑέλαιῶν
1355 1537 1429 1579 καί
1455 1537 1679 1589 λαμπάδας

225 1601 332 1658 πρὸς
362 1603 552 1658 ὖπαντὴν
588 1603 662 1646 καί
687 1604 973 1660 εὖφημοῦντες
1005 1603 1148 1645 αὐτόν.
1222 1603 1294 1646 καί
1323 1603 1343 1645 ὃ
1372 1606 1450 1658 μὲν
1479 1602 1571 1653 υἱὸς
1599 1602 1678 1645 αὕ-

225 1671 302 1711 voss
331 1669 575 1720 προσελθών
613 1670 759 1713 ἔπεσεν
799 1672 858 1721 εἰς
899 1669 998 1721 τούς
1041 1667 1173 1720 πόδας
1214 1673 1291 1713 τοῦ
1318 1669 1505 1725 πατρός·
1575 1669 1597 1711 0‘
1630 1670 1676 1711 δὲ

318 1781 354 1815 8.
379 1779 454 1818 α’πό
480 1782 507 1816 C

226 1888 334 1923 homo
359 1901 540 1936 nequam,
573 1891 780 1935 conspirans
804 1902 882 1924 cum
907 1890 1090 1925 Moameth
1122 1896 1163 1925 ut
1183 1891 1345 1924 mulieris
1371 1890 1586 1924 sententiam
1611 1890 1674 1923 fir-

225 1942 341 1971 maret
378 1937 493 1980 dixit,
529 1949 611 1971 vera
648 1939 751 1971 illum
783 1939 905 1984 loqui,
930 1949 1011 1971 eum
1050 1938 1145 1971 enim
1173 1939 1335 1982 angelum
1360 1938 1456 1970 mitti
1482 1936 1526 1970 ad
1551 1947 1673 1970 omnes

225 1984 435 2029 prophetas.
483 1985 613 2018 mulier
635 1985 740 2018 fidem
776 1984 911 2019 habens
939 1986 1054 2018 verbis
1086 1986 1303 2030 impostoris,
1329 1985 1390 2031 qui
1414 1990 1490 2018 erat
1515 1995 1534 2016 e
1564 1983 1671 2016 soda-

227 2032 308 2065 litio
338 2032 655 2072 Callistrateorum,
690 2038 838 2077 propter
868 2032 1043 2065 haeresim
1074 2034 1207 2066 eiectus
1236 2038 1273 2065 et
1301 2044 1343 2064 ex
1367 2031 1454 2064 urbe
1482 2031 1672 2074 relegatus,

227 2079 384 2112 narravit
407 2079 619 2112 mulieribus
645 2080 852 2124 gentilibus,
886 2080 988 2112 illum
1014 2091 1091 2113 esse
1116 2079 1346 2124 prophetam:
1376 2078 1603 2123 obtinuitque
1630 2088 1673 2110 ea

226 2125 384 2159 haeresis
411 2125 496 2159 inde
520 2131 639 2170 partes
663 2127 812 2160 Aetribi.
862 2138 922 2159 eos
947 2127 1007 2172 qui
1041 2138 1077 2159 se
1106 2127 1138 2159 ei
1163 2125 1337 2159 dederant
1362 2125 1497 2166 docuit,
1523 2125 1586 2170 qni
1610 2129 1673 2157 aut

226 2173 410 2206 inimicum
450 2173 690 2207 interfecisset
726 2179 789 2207 aut
812 2175 888 2219 ipse
914 2174 959 2206 ab
991 2174 1135 2206 inimico
1166 2173 1374 2206 interfectus
1400 2177 1504 2210 esset,
1529 2182 1609 2204 eum
1633 2172 1672 2204 in

225 2220 430 2265 paradisum
454 2225 642 2253 venturum
670 2232 757 2254 esse.
819 2220 1017 2265 paradisum
1060 2226 1178 2253 autem
1208 2219 1298 2252 dixit
1322 2230 1398 2252 esse
1423 2219 1461 2252 in
1489 2219 1569 2251 cibo
1595 2230 1673 2251 car-

226 2268 328 2300 nario
363 2271 400 2300 et
430 2267 527 2300 coitu
563 2268 730 2301 muliebri
756 2270 911 2312 positum
946 2273 981 2300 et
1006 2268 1121 2301 coitus
1155 2267 1375 2312 voluptatem
1409 2277 1572 2310 magnam
1595 2276 1674 2298 esse

228 2320 266 2347 et
295 2314 499 2348 diuturnam
532 2320 569 2348 et
591 2315 663 2347 alia
697 2314 869 2359 quaedam
899 2314 1037 2360 perdite
1065 2319 1101 2348 et
1133 2315 1243 2348 stulte
1269 2313 1478 2358 nugabatnr.
1525 2312 1677 2347 Ababa·

228 2361 353 2394 darum
380 2361 562 2394 Moameth
589 2373 825 2395 successorem
853 2362 1020 2407 reliquit3
1046 2367 1082 2394 et
1108 2361 1206 2394 bello
1234 2371 1340 2405 saepe
1367 2361 1471 2405 petiti
1497 2371 1516 2392 a
1542 2362 1672 2394 Roma·

226 2409 282 2441 nis
306 2409 356 2449 ii,
381 2408 444 2453 qui
467 2407 532 2442 hos
570 2415 798 2453 exceperunt,
823 2409 890 2442 deo
919 2409 1164 2448 concedente,
1208 2413 1356 2453 propter
1382 2413 1526 2451 peccata
1550 2411 1672 2439 nostra

226 2456 406 2498 vicerunt3
432 2460 539 2501 atque
564 2455 649 2488 inde
676 2467 720 2488 ex
747 2467 788 2489 eo
814 2461 974 2500 tempore
998 2456 1163 2488 Romanis
1194 2455 1425 2500 imperarunt.
1449 2452 1672 2488 redeundum

227 2503 296 2535 iam
321 2508 375 2535 est
399 2501 445 2535 ad
468 2503 706 2536 narrationem
738 2503 971 2548 propositam.

321 2549 383 2582 His
421 2550 529 2593 gestis
553 2550 736 2583 Heraclius
764 2550 903 2593 Cpolim
941 2548 1056 2581 rediit.
1105 2548 1205 2581 cuius
1226 2547 1417 2581 adventum
1443 2559 1552 2593 quum
1576 2547 1671 2579 cives

227 2594 462 2637 audivissent,
490 2608 628 2631 summo
653 2597 729 2630 eius
759 2596 937 2629 desiderio
966 2596 1118 2640 correpti
1151 2607 1273 2628 omnes
1296 2596 1358 2640 qui
1386 2600 1487 2628 erant
1508 2595 1544 2629 in
1571 2594 1669 2638 pala-

227 2643 287 2675 tiis
328 2642 448 2676 herlae
493 2644 622 2688 egressi
660 2649 743 2678 sunt
783 2655 862 2676 cum
895 2643 1095 2688 patriarcha
1130 2648 1167 2676 et
1208 2643 1444 2676 Constantino
1480 2652 1560 2685 rege
1594 2641 1672 2672 eius

228 2688 318 2732 filio,
342 2690 522 2736 oleagines
547 2697 584 2726 et
610 2691 706 2726 faces
733 2691 873 2727 obviam
897 2690 1053 2724 ferentes
1088 2701 1242 2736 eumque
1269 2689 1468 2723 laudantes.
1516 2693 1554 2723 et
1576 2687 1671 2721 filins
