1838 3132
296 151 367 191 DE
391 149 792 193 THESSALONICA
818 149 854 192 A
879 151 1087 192 LATINIS
1115 150 1305 192 CAPTA.
1416 142 1511 192 449

78 249 171 289 θεῖν
200 247 295 303 (οὐκ
325 244 405 290 οἶδ’
432 244 550 304 ὅθεν)
580 247 654 303 τήν
672 251 715 298 ἐς
742 252 876 291 νέωτα
908 252 1003 290 καθ’
1031 246 1139 304 ἡμᾶς
1163 247 1348 305 βλάβην·
1403 253 1516 304 λέγε-

79 328 148 355 ται
174 315 213 355 δ’
242 309 306 356 ὅτι
337 316 382 356 ἐκ
407 316 632 370 προδοσίας
660 313 797 363 τινός·
836 316 912 356 οὐκ
943 311 1036 356 οἶδα
1062 318 1142 369 μὲν
1170 317 1353 369 α’κριβῶς
1378 317 1417 357 εἰ
1449 317 1522 357 καί

80 374 233 434 ἄλλης,
279 381 446 434 ἐθνικῆς
487 382 533 422 δὲ
560 382 633 422 καί
663 378 862 433 μάλιστα.
932 382 1003 422 καί
1028 380 1049 422 ὅ
1077 383 1156 434 μὲν,
1181 379 1309 424 senefia·
1340 384 1522 428 Λατῖνος

81 443 139 493 ὥς
166 446 211 486 ἐκ
250 448 325 487 τοῦ
361 445 468 487 κατὰ
511 440 609 494 τούξ
633 449 907 500 βουργεσιόυς
942 446 1100 502 πύργου
1137 450 1302 502 θέλημα
1326 447 1523 502 ἐπέμφθη

49 515 168 559 5τοῖς
194 507 274 562 ἔξω
321 510 423 552 κατὰ
465 512 549 552 τῶν
578 513 652 565 τῆς
679 511 838 561 πόλεως
883 514 956 554 καί
984 511 1263 567 καταμὴνυμα
1291 514 1373 555 τῶν
1399 512 1524 567 ἐντός,

82 576 160 616 οόκ
196 572 249 617 ἄν
286 577 496 619 α’πιστοῖτο
535 579 635 630 ἡμῖν
675 578 1013 634 τεκμαιρομένοις
1059 579 1103 628 ἐξ
1139 573 1198 620 οἶν
1231 578 1523 633 ἤκριβώμεθα·

81 642 260 683 τοιοῦτοι
287 641 366 695 γάρ
394 657 502 690 τινες
529 642 848 699 πυργοφύλακες
874 645 1132 699 ἐπίτριπτοι,
1159 647 1317 686 νεανίαι
1345 645 1527 700 α’ὃελφοί

83 707 128 748 ἐκ
155 708 437 760 Χονναβιτῶν,
468 706 632 762 ἔχιδναι
661 709 855 764 γεννηταί
882 711 932 767 τῇ
959 711 1076 752 πόλει
1115 710 1244 767 ταύτῃ
1274 714 1362 752 κατ’
1390 709 1524 763 αύτὴν

83 770 159 826 τὴν
182 773 258 827 τῆς
287 773 483 823 ἁλώσεως
513 772 628 830 ὥραν
655 775 883 830 κατήσθιον
911 775 1054 831 αὐτὴν,
1083 777 1155 817 καί
1182 776 1303 818 αὐτοί
1327 779 1426 831 ξίφη
1454 793 1527 829 yv-

31 839 322 891 ιομνώσαντες
356 837 430 880 καί
478 841 799 895 κατατρέχοντες
842 839 920 890 τὰς
961 842 1184 897 α’μφόδους
1224 840 1400 895 γνωστοὶ
1444 846 1528 890 τοῖς

83 906 310 959 βλέπουσι,
353 904 492 947 πίστιν
533 903 643 948 οὕτω
672 907 854 955 διδόντες
891 909 964 948 καί
991 906 1143 964 πρῴην
1162 906 1376 960 ἐπίβουλοι
1406 904 1527 949 εἶναι.

86 971 165 1012 καὶ
185 969 261 1010 οὐκ
290 967 522 1021 ἔσθ”ὅπως
553 974 607 1012 ου’
630 974 924 1025 μετελεύσεται
950 969 975 1026 ἦ
1011 973 1103 1027 δίκη
1138 972 1309 1022 αύτούς.

199 1037 291 1077 Καὶ
317 1035 339 1077 ὅ
362 1039 442 1088 μὲν
467 1040 652 1087 τοιοῦτος
670 1042 859 1086 Λατῖνος
878 1032 962 1080 ὦδε
983 1043 1272 1091 συγκροτεῖται
1299 1037 1402 1092 πρὸς
1431 1039 1534 1093 α’λή-

83 1103 226 1157 θειαν,
250 1101 324 1143 καί
347 1098 484 1150 ἄλλως
512 1102 592 1156 οὐχ
633 1099 722 1152 οἷός
747 1117 792 1144 τε
831 1099 890 1144 ὢν
929 1105 1203 1157 ψεύσασθαι·
1235 1121 1237 1124 ’
1261 1103 1282 1144 ὃ
1312 1105 1359 1146 δὲ
1387 1104 1534 1162 Ἀβού-

31 1174 74 1209 15
85 1166 206 1218 διμος
226 1167 447 1222 Μανουήλ,
476 1167 579 1222 α’νὴρ
610 1167 773 1222 ἰχθύων
801 1170 927 1222 τιμῆς
954 1167 1194 1223 μελόμενος,
1224 1170 1300 1211 νῦν
1316 1171 1394 1222 μὲν
1419 1171 1536 1222 ω’μο-

83 1233 249 1288 γέρων,
288 1233 418 1275 πάλαι
448 1235 495 1276 δέ
522 1249 619 1276 ποτε
657 1233 962 1292 περιᾳδόμενος
1003 1237 1135 1288 μέγας
1173 1231 1279 1276 εἶναι
1307 1234 1381 1289 τήν
1407 1241 1533 1290 χεῖρα

83 1299 158 1340 καὶ
183 1297 362 1352 βριαρὸς
393 1297 524 1353 αύτὴν
551 1306 803 1353 κατενεγκεῖν
831 1302 914 1342 τῶν
943 1296 1283 1355 ἀνθισταμένων,
1314 1295 1362 1343 οὗ
1389 1301 1462 1343 καὶ
1486 1302 1532 1343 τὸ

86 1363 194 1406 κατὰ
227 1366 350 1416 σῶμα
392 1365 591 1412 εὕσταλὲς
635 1364 698 1407 ἔτι
742 1371 968 1420 κατηγορεῖ
1001 1364 1076 1420 τήν
1109 1364 1274 1420 ῥώμην*
1295 1364 1346 1420 ἢν
1374 1368 1544 1420 λέγεταί

90 1444 191 1471 ποτε
219 1433 410 1471 πλουτεῖν
441 1429 464 1470 ὅ
500 1426 753 1486 ἅνθρωπος,
793 1431 915 1480 αὐτὸς
961 1429 1010 1485 ὃν)
1056 1432 1300 1486 ε’φανέρωσε
1330 1432 1538 1486 πρόδοτον

32 1491 200 1541 ηοεῖναι
237 1493 314 1549 τήν
358 1499 576 1549 πανταχοῦ
622 1500 697 1550 γῆς
743 1495 1026 1552 περιφόρητον
1071 1499 1130 1553 τῷ
1172 1499 1281 1538 κλέει
1323 1498 1538 1540 Θεσσαλο-

90 1559 220 1616 νίκην.
291 1555 407 1602 οὕπω
452 1561 532 1615 γὰρ
563 1559 796 1618 ἅκραιφνὴς
837 1561 974 1616 ἡμέρα
1015 1562 1040 1616 ἡ
1089 1562 1195 1603 κατὰ
1238 1562 1313 1617 τὴν
1357 1560 1538 1617 ἅλωσιν,

91 1628 185 1669 ἀλλ’
219 1625 279 1669 ἔτι
317 1627 393 1678 νὺξ
429 1627 668 1683 ἀμφιλύκη,
711 1629 810 1670 καθ’
851 1626 903 1681 ἢν
951 1626 1013 1670 ἔτι
1056 1628 1128 1669 καί
1165 1625 1211 1669 τὸ
1253 1625 1357 1685 ἑῷον
1402 1635 1539 1683 τεῖχος

90 1691 352 1747 ἅπρὸσβατον
394 1696 564 1747 ἐχθροῖς
605 1689 667 1749 ἦν,
712 1695 785 1736 καί
824 1686 949 1742 αὖτός
984 1695 1062 1735 τοῦ
1099 1690 1232 1735 ὕπνου
1273 1694 1438 1743 α’νεθείς
1467 1697 1540 1736 καί

93 1874 233 1918 cognita
260 1875 417 1920 pernicie
441 1874 546 1908 nobis
563 1877 787 1922 propinqua:
809 1887 915 1922 quam
931 1874 1099 1922 equidem
1117 1874 1252 1916 nescio,
1278 1873 1373 1908 unde
1401 1887 1536 1920 coguo-

91 1921 232 1962 verint,
258 1921 320 1955 sed
345 1922 471 1955 dicunt
495 1923 735 1968 proditionem
760 1923 887 1956 factam
922 1933 1012 1963 esse,
1038 1933 1112 1955 non
1138 1922 1250 1955 ausim
1278 1921 1466 1963 affirmare,
1491 1933 1537 1955 an

91 1967 136 2000 ab
161 1968 232 2001 alio
260 1979 415 2015 quoque,
440 1969 501 2002 sed
527 1975 620 2002 certe
646 1969 790 2015 quidem
818 1970 861 2002 ab
886 1969 1032 2002 homine
1054 1969 1253 2014 peregrino.
1303 1979 1384 2001 nam
1408 1969 1536 2002 Latino

91 2015 250 2056 cuidam,
278 2016 339 2061 qui
379 2028 423 2049 ex
445 2018 534 2049 turri
562 2016 734 2061 burgesiis
770 2017 935 2062 opposita
970 2016 1117 2049 consilia
1145 2015 1312 2048 adversus
1338 2015 1474 2048 incolas
1501 2021 1538 2048 et

91 2061 224 2094 indicia
259 2073 374 2096 rerum
413 2064 623 2096 urbanarum
659 2062 907 2096 obsidentibus
941 2063 1047 2097 missa
1083 2073 1158 2095 esse
1183 2061 1393 2103 affirmavit,
1430 2061 1537 2094 fidem

92 2108 260 2153 equidem
286 2108 382 2143 haud
409 2109 663 2153 derogaverim,
689 2109 888 2144 rationibus
917 2109 1114 2149 adductus,
1139 2108 1268 2154 quibus
1294 2120 1348 2141 res
1382 2109 1536 2141 manife-

90 2160 145 2188 sta
170 2155 221 2188 fit.
246 2158 376 2190 etenim
404 2159 534 2190 versuti
571 2156 716 2202 quidam
741 2157 848 2190 turris
885 2154 1070 2196 custodes,
1096 2156 1221 2189 fratres
1247 2155 1491 2188 adolescentes
1516 2166 1535 2187 e

92 2201 340 2240 Chonnabitis.
363 2205 505 2248 viperae
530 2204 723 2249 pestiferae
752 2202 849 2235 urbis
875 2202 998 2244 huius,
1020 2203 1114 2236 inter
1147 2203 1260 2247 ipsam
1298 2202 1536 2247 expugnatio-

90 2259 171 2280 nem
211 2248 428 2294 diripiebant
455 2262 551 2290 eam,
588 2251 718 2284 strictis
744 2249 870 2294 gladiis
897 2260 960 2294 per
984 2250 1079 2283 vicos
1118 2249 1367 2288 discurrentes,
1392 2260 1432 2281 ac
1456 2248 1535 2280 noti

91 2294 278 2336 omnibus,
313 2297 375 2341 qui
411 2308 471 2329 eos
502 2296 688 2338 viderent,
721 2297 826 2329 fldem
862 2297 912 2329 ita
948 2295 1130 2329 faciebant
1165 2295 1297 2329 fraudis
1336 2296 1405 2328 iam
1440 2295 1536 2340 prius

90 2346 271 2387 structae„
306 2353 372 2375 nec
391 2343 466 2376 fore
489 2355 608 2388 spero,
637 2345 726 2390 quin
750 2344 869 2389 poena
897 2343 979 2376 illos
1008 2348 1257 2388 consequatur.

186 2389 252 2421 ille
277 2389 386 2432 igitur
410 2391 555 2424 Latinus
583 2396 620 2424 et
645 2391 887 2424 testimonium
915 2389 982 2422 hoc
1015 2390 1173 2423 veritatis
1197 2388 1319 2427 habet,
1343 2399 1409 2421 nec
1432 2386 1536 2419 vide-

91 2439 151 2466 tur
169 2435 316 2468 omnino
356 2436 510 2470 mendax
541 2438 662 2471 fuisse.
721 2438 868 2471 Manuel
896 2434 1091 2470 Abudimus
1130 2440 1260 2475 autem,
1287 2435 1340 2468 vir
1364 2435 1534 2479 piscariae

90 2480 314 2525 praefectus,
348 2494 443 2516 nunc
477 2484 621 2530 quidem
647 2484 768 2518 viridis
811 2495 931 2524 senex,
957 2483 1043 2517 olim
1066 2483 1278 2521 celebratus,
1307 2480 1402 2526 quod
1429 2491 1535 2512 manu

90 2526 192 2560 fortis
221 2533 314 2561 esset
341 2535 377 2562 et
401 2531 549 2574 graviter
566 2531 767 2576 profligaret
791 2530 1024 2571 adversarios,
1050 2530 1151 2563 cuius
1177 2529 1380 2563 etiamnunc
1408 2538 1534 2572 corpus

89 2579 254 2617 vegetum
275 2575 376 2620 quasi
394 2577 635 2610 testimonium
659 2577 796 2612 roboris
815 2582 878 2618 est,
898 2587 969 2622 quo
989 2577 1168 2622 quondam
1186 2573 1385 2608 abundasse
1411 2573 1534 2612 fertur,

92 2619 221 2654 diserte
242 2621 444 2661 declaravit,
467 2624 644 2668 proditam
671 2635 747 2657 esse
773 2623 895 2656 urbem
919 2634 980 2668 per
999 2628 1114 2657 totum
1136 2622 1257 2656 orbem
1279 2628 1448 2653 terrarum
1465 2631 1533 2652 no-

91 2666 201 2700 bilem
226 2668 530 2702 Thessalonicam.
590 2671 746 2704 nondum
772 2672 863 2703 enim
892 2671 999 2714 plane
1034 2670 1203 2703 illuxerat
1233 2667 1320 2708 dies,
1348 2677 1419 2711 quo
1452 2666 1534 2699 urbs

93 2719 194 2758 capta
223 2720 297 2755 est,
322 2714 384 2748 sed
412 2722 488 2749 erat
512 2716 628 2750 adhuc
664 2718 873 2758 diluculum,
897 2728 963 2750 nec
988 2716 1070 2750 dum
1097 2717 1133 2750 in
1162 2726 1298 2748 murum
1327 2713 1535 2747 orientalem

168 2777 239 2811 Leo
267 2779 539 2813 Grammaticus.
651 2805 654 2810 .
1231 2776 1276 2809 29
