1838 3132
631 135 1137 179 CHRONOGRAPHIA.
1553 133 1617 181 93

140 235 190 294 ἦν
222 239 269 280 δὲ
297 237 469 293 βραχὺς
497 237 546 282 τὸ
576 242 714 296 σῶμα,
748 239 963 295 εόπιόγων,
992 240 1255 296 τετανόθριξ,
1284 239 1358 283 καί
1386 236 1521 283 ὕπνου
1539 243 1621 294 μὲν

141 304 216 347 καί
231 308 395 361 τροφῆς
423 305 496 348 καί
522 306 789 362 ἀφροδισίων
810 302 874 348 ὅτι
892 306 1082 359 μάλιστα
1098 307 1312 364 ἐγκρατής,
1340 309 1397 365 τῷ
1430 309 1476 350 δὲ
1507 303 1622 366 ἄλλῳ

141 371 283 430 τρόπῳ
313 371 463 422 σκαιὸς
490 374 564 416 καί
589 370 695 428 πρός
722 373 950 427 εὐσέβειαν
977 372 1172 430 πονηρός.
1227 380 1316 424 τοῖς
1348 377 1623 430 Χριστιανῶν

139 439 326 494 μυηθεὶς
351 439 616 499 μυστηρίοις,
649 434 829 493 ’ὕστερον
859 438 973 482 αὕτα
1004 439 1198 496 παριδών
1223 439 1276 484 τοὶ
1306 444 1392 484 τῶν
1417 438 1623 496 Ἑλλήνων

106 506 376 560 5προείλετο,
407 507 635 564 δυσσεβειῖἒι
660 507 741 558 μὲν
761 502 838 560 τήν
872 505 1094 560 εὐσέβειαν
1121 508 1416 563 ἀπωσάμενος,
1445 511 1626 566 πονηρίᾳ

142 572 191 613 δὲ
218 572 293 614 καὶ
319 570 507 628 ποικιλίᾳ
534 569 702 627 γνώμης
731 570 807 627 τὴν
835 571 1001 628 α’ρετήν.
1059 567 1183 624 οὗτος
1213 575 1289 631 τὴν
1310 578 1391 628 μὲν
1418 577 1498 619 τοῦ
1522 589 1627 631 προ-

143 638 309 695 δρόμου
338 637 476 693 θήκην
503 636 674 689 ἀνοίξας
703 640 811 694 πυρὶ
837 638 890 681 τοὶ
922 641 1110 694 λείψανα
1139 643 1418 698 παραδέδωκε
1446 640 1521 684 καί
1549 640 1628 697 τήν

142 704 258 748 κόνιν
300 703 604 760 διελικμήσατο
623 722 634 733 ·
707 705 784 761 την
818 707 865 748 δὲ
901 707 975 749 τοῦ
1003 709 1199 764 Χριστοῦ
1233 707 1375 751 εἰκόνα
1400 707 1475 765 την
1503 709 1550 751 ἐν
1577 709 1630 766 τῇ

144 772 359 825 Πανεάδι,
391 769 443 827 ἢν
470 772 497 826 ἦ
529 769 766 827 αἱμόρρους
796 772 1024 829 ἀνέστησε,
1057 778 1310 831 κατεαγῆναι
1341 775 1417 818 καί
1445 777 1627 832 συρῆναι
1687 777 1689 779 ’

87 857 131 892 10
144 840 408 895 προσέταξεν,
438 836 617 881 εἴδωλον
643 841 780 883 ἐκεῖσε
802 839 877 882 τοὺ
908 839 1015 891 Διὸς
1030 842 1277 898 α’ναστήσας
1296 842 1395 885 α’ντί
1420 843 1497 898 τῆς
1512 845 1630 898 Χρι-

142 907 247 948 στοῦ
271 903 431 954 εἰκόνος
476 902 498 946 ὅ
527 905 738 961 δυσσεβής
766 923 811 948 τε
840 908 916 949 καί
942 906 1177 963 α’λιτὴριος,
1208 910 1283 950 καί
1309 907 1444 950 πολλὰ
1475 908 1628 962 λείψα-

143 989 196 1015 να
225 972 309 1014 τῶν
344 972 476 1026 ἁγίων
518 974 804 1029 κατέκαυσεν,
834 975 912 1015 οὐκ
955 975 1196 1031 α’τιμωρητί
1233 977 1293 1020 δέ.
1368 972 1631 1031 στρατεύσας

142 1036 223 1093 γὰρ
264 1039 339 1080 ὲπί
376 1040 556 1094 Πέρσας
600 1040 837 1096 έδελεάσθη
877 1040 961 1082 ὑπὸ
1007 1044 1092 1084 τῶν
1132 1041 1382 1096 αὐτομόλων
1413 1043 1630 1097 ἐμπρῆσαι

142 1101 220 1156 τὰς
251 1106 381 1154 ναῦς·
439 1101 531 1148 εἶτα
561 1108 619 1148 δι’
666 1107 844 1162 ἐρημίας
872 1110 948 1151 καί
978 1107 1218 1162 α’νωμοίλων
1242 1107 1416 1164 χωρίων
1444 1108 1520 1164 την
1549 1123 1630 1149 πο·-

87 1188 130 1222 15
145 1172 265 1226 ρειάν
293 1171 549 1225 ποιούμενος
582 1174 652 1230 ἐφ’
681 1172 848 1231 ἱκανόν,
886 1172 1058 1218 πάντων
1099 1173 1441 1218 α’πολελοιπότων
1473 1177 1558 1217 τῶν
1585 1191 1629 1218 τε

140 1239 366 1293 χρειωδῶν
404 1238 478 1281 καὶ
519 1242 602 1282 τῶν
632 1241 896 1296 ἀναγκαίων,
937 1242 1014 1285 καί
1047 1239 1182 1284 πολλοὶ
1211 1241 1633 1298 ταλαιπωρησάντων

142 1305 226 1347 τῶν
251 1307 342 1358 μετ’
372 1306 532 1361 αὐτοῦ,
561 1306 707 1362 ἐπειδη
754 1308 906 1363 καιρὸς
932 1311 1009 1351 τοῦ
1036 1311 1225 1363 πολέμου
1257 1310 1332 1351 καί
1357 1309 1502 1365 μάχης
1530 1310 1633 1365 α’φί-

144 1387 254 1424 κετο,
284 1375 459 1428 τραπείς
490 1375 550 1422 εἰς
582 1372 724 1429 φυγην
744 1373 1025 1431 τιτρώσκεται
1052 1373 1214 1431 δόρατι,
1244 1378 1318 1417 καί
1344 1377 1419 1417 τοῦ
1450 1377 1633 1427 αἵματος

144 1437 216 1480 δια
247 1441 334 1481 τῶν
363 1439 496 1496 ῥινῶν
527 1443 765 1496 φερομένου
785 1474 796 1492 ,
843 1441 991 1496 λαβών
1027 1443 1164 1484 αὐτοῦ’
1191 1447 1284 1492 ταῖς
1308 1444 1437 1497 χερσί
1468 1444 1543 1484 καί
1571 1443 1632 1491 εἰς

86 1521 132 1556 20
144 1504 216 1548 τόν
243 1507 352 1561 α’έρα
376 1503 588 1560 λικμὴσας
606 1505 690 1563 ἔφη
721 1511 976 1564 “νενίκηκας,
1007 1509 1198 1562 Χριστέ”
1258 1511 1499 1564 κορέσθητι,
1533 1513 1631 1553 Να-

145 1573 347 1626 ζωραῖε,”
375 1571 450 1614 καί
475 1568 609 1622 οὕτως
641 1574 856 1630 α’πέρριψε
887 1573 965 1630 την
1003 1577 1152 1617 δολίαν
1182 1577 1316 1618 αὐτοῦ
1347 1574 1520 1630 ψυχήν·
1579 1571 1633 1617 οὗ

145 1636 192 1680 τὸ
222 1641 349 1691 σῶμα
382 1641 652 1696 ἀπεκομίσθη
691 1642 738 1683 έν
773 1644 928 1700 Ταρσῷ
955 1644 1032 1684 καί
1069 1641 1209 1698 ἐτάφη
1242 1642 1421 1698 πλησίον
1448 1645 1526 1685 τοῦ
1553 1642 1629 1684 m‘-

145 1721 231 1762 φου
262 1708 545 1760 Μαξιμιανοῦ
588 1706 685 1750 υἱοῦ
716 1710 755 1750 Γ
752 1709 968 1765 αλλερίου.
1042 1710 1312 1766 ἀπεκομίσθη
1342 1711 1390 1752 δὲ
1423 1705 1556 1759 αὖθις
1584 1711 1629 1752 ἑν

243 1842 298 1875 12.
327 1840 576 1891 ἀιιμωρηιίου
602 1845 629 1879 C

147 1967 244 2000 victu
284 1972 323 2000 et
349 1979 471 2001 minore
498 1969 833 2012 moderatissimus,
872 1971 936 2005 sed
963 1972 1063 2018 quod
1088 1973 1228 2018 reliqua
1254 1973 1388 2007 attinet
1415 1973 1564 2019 ineptus
1591 1979 1629 2007 et

147 2014 293 2059 impius.
344 2014 634 2050 Christianorum
660 2020 841 2062 mysteriis
866 2020 1044 2061 initiatus,
1071 2026 1199 2065 postea
1225 2032 1267 2054 ea
1293 2021 1428 2066 sprevit
1453 2026 1490 2054 et
1514 2021 1630 2054 Grae-

146 2071 267 2094 corum
294 2064 517 2107 anteposuit,
544 2065 734 2110 impietate
759 2067 933 2111 pietatem
969 2073 1115 2101 mutans
1143 2073 1180 2102 et
1207 2069 1374 2102 virtutem
1403 2068 1567 2113 nequitia
1593 2074 1630 2101 et

147 2111 351 2143 sententiae
378 2111 639 2145 inconstantia.
701 2113 762 2146 hic
800 2116 1046 2159 praecursoris
1076 2115 1308 2160 sepulchrum
1335 2117 1480 2161 aperuit
1507 2121 1543 2148 et
1573 2127 1630 2149 re-

147 2156 278 2201 liquias
306 2159 384 2191 eius
420 2159 493 2202 igni
524 2159 674 2194 tradidit
712 2162 926 2208 cineresque
962 2162 1181 2208 dissipavit3
1214 2163 1446 2196 simulacrum
1482 2163 1633 2203 Christi,

148 2203 248 2247 quod
271 2204 437 2239 paneade
467 2208 599 2240 mulier
623 2207 804 2254 profluvio
825 2209 992 2248 laborans
1020 2216 1198 2251 erexerat,
1227 2211 1342 2255 frangi
1370 2211 1529 2256 tollique
1556 2211 1630 2242 ius-

149 2250 207 2288 sit.
234 2251 362 2298 ibique
390 2252 501 2296 impie
526 2255 622 2288 lovis
650 2256 880 2290 simulacrum
905 2258 1111 2291 constituit.
1137 2257 1233 2291 idem
1262 2259 1394 2291 multas
1423 2263 1628 2291 sanctorum

150 2297 322 2343 reliquias
348 2300 557 2342 combussit,
584 2303 684 2347 quod
709 2309 829 2337 tamen
855 2315 930 2338 non
956 2305 1113 2338 inultum
1139 2306 1235 2338 tulit.
1271 2316 1355 2338 nam
1381 2305 1519 2338 bellum
1549 2316 1631 2337 cum

149 2345 260 2379 Persis
300 2358 426 2391 gerens
460 2360 480 2380 a
513 2350 710 2394 transfugis
747 2351 919 2385 inductus
945 2358 1020 2394 est,
1049 2357 1090 2386 ut
1121 2363 1230 2386 naves
1260 2352 1502 2387 combureret.
1553 2357 1630 2385 tum

149 2403 260 2437 quum
287 2395 374 2427 satis
413 2394 475 2428 diu
500 2407 567 2441 per
599 2396 743 2432 deserta
777 2405 815 2432 et
843 2404 1015 2433 montana
1053 2399 1132 2433 loca
1164 2401 1235 2433 iter
1274 2400 1438 2439 fecisset,
1465 2399 1632 2432 omnibus

149 2442 360 2475 necessariis
399 2441 503 2476 rebus
530 2444 709 2489 perditis,
734 2446 871 2480 milites
897 2447 974 2480 eius
1001 2458 1166 2491 magnam
1195 2447 1440 2480 calamitatem
1469 2447 1632 2491 perpessi

149 2493 246 2526 sunt,
274 2488 324 2521 ita
349 2494 388 2521 ut
415 2502 493 2523 euin
524 2491 768 2527 dimicandum
795 2500 902 2535 esset,
929 2495 965 2527 in
992 2493 1113 2539 fugam
1142 2500 1381 2528 verterentur.
1410 2494 1448 2526 in
1475 2504 1516 2526 ea
1547 2493 1631 2538 fuga

150 2534 254 2568 hasta
281 2536 490 2570 vulneratus
516 2539 758 2583 profluentem
802 2553 866 2586 per
898 2552 1003 2575 nares
1046 2543 1259 2587 sanguinem
1290 2541 1456 2574 manibus
1487 2542 1632 2587 excepit

150 2587 186 2615 et
234 2594 252 2614 ,ι
289 2593 406 2616 aerem
442 2586 575 2630 sparsit
608 2586 749 2625 dicens:
783 2589 927 2622 “vicisti
954 2589 1125 2630 Christe,
1160 2589 1291 2622 satiare
1322 2589 1542 2622 Nazarene.'’
1580 2589 1632 2622 sic

150 2629 340 2663 scelestam
373 2632 527 2665 animam
566 2635 775 2679 exspiravit.
835 2648 966 2683 corpus
1006 2637 1085 2670 eius
1120 2637 1270 2670 Tarsum
1307 2635 1468 2669 delatum
1511 2640 1565 2669 est
1595 2641 1632 2670 et

149 2688 262 2722 prope
283 2678 539 2712 Maximianum
565 2681 717 2715 Gallerii
733 2683 846 2717 filium
871 2685 1068 2729 sepultum.
1119 2682 1205 2717 inde
1229 2682 1374 2727 Cpolim
1398 2683 1551 2716 allatum
1579 2684 1633 2717 est

150 2723 432 2772 depositumque
462 2738 576 2773 prope
605 2729 791 2764 Iovianum
832 2742 912 2764 arca
950 2730 1205 2777 porphyretica
1229 2729 1503 2775 cylindriforma
1531 2731 1632 2765 iuxta
