1838 3132
499 145 570 184 DE
607 142 783 185 LEONE
815 139 1032 184 BARDAE
1069 142 1117 182 F.
1347 156 1353 163 ·
1421 135 1514 182 351

79 258 258 302 ραμενον
288 243 373 299 ι«ειιαί
406 243 744 296 ἐπονομασθέντα
777 236 1015 296 Ἀντώνιον,
1038 237 1274 295 ,γενόμενόν
1303 252 1349 281 τε
1393 232 1522 286 αὖθις

77 309 305 367 ἡγούμενον
331 310 391 360 εἰς
416 308 461 352 τὸ
491 308 766 363 μοναστῆριον
784 307 828 350 τὸ
857 306 1076 362 λεγόμενον
1097 304 1149 348 τὰ
1174 306 1519 361 Μητροπολίτων,

74 375 306 431 μυθολόγος
338 391 402 425 τις
443 379 584 429 γέλοια
629 374 802 427 α’γαπαῖν
835 377 908 415 καί
946 374 1186 427 παιγνίδια,
1218 372 1291 414 καί
1319 368 1417 419 τούς
1448 369 1522 410 ὑπ’

79 443 212 485 αὐτοῦ
238 440 453 496 μοναχούς
481 442 601 488 νέους
630 434 753 488 ὄντας
787 441 920 481 ταῦτα
951 445 1083 480 ποιεῖν
1113 438 1423 490 ὑποτιθέμενος,
1452 437 1524 477 καί

43 506 218 556 seinai&
246 509 376 550 εἰπεῖν
404 507 591 560 αἰσχρῶς
618 507 690 546 καί
718 506 908 557 α’σέμνως
936 504 1167 559 βιοτεύσας,
1198 503 1273 544 οὐκ
1305 498 1381 544 οἷδ’
1410 498 1522 550 ὅπως

77 569 254 627 ὕστερον
281 574 326 614 ἑκ
352 570 691 626 παραχωρήσεως
717 572 824 611 θεοῦ
851 572 1012 623 ἐγένετο
1041 569 1113 610 καί
1140 571 1359 617 ἐπίσκοπος
1387 569 1446 615 εἰς
1474 564 1518 607 τὸ

77 641 272 683 Συλαῖον.
328 635 374 680 τὸ
404 638 481 689 μὲν
507 636 668 689 πρῶτον
695 637 740 677 ἐκ
767 633 972 677 παιδόθεν
999 636 1218 689 ὀρθόδοξος
1245 628 1318 688 ὧν,
1347 630 1523 688 ὕστερον

79 705 127 746 δὲ
156 701 228 746 διὰ
267 702 341 758 τὴν
377 701 501 753 δόξαν
548 700 623 754 τήν
661 700 916 756 πρόσκαιρον
960 702 1030 743 καί
1067 699 1114 743 τὸ
1145 700 1258 754 ἔχειν
1284 700 1524 754 παρρησίαν

80 769 350 824 εἰσέρχεσθαι
394 768 453 815 εἰς
480 766 539 812 τὰ,
577 768 770 820 βασίλεια
803 769 876 808 καί
913 766 1279 822 παρρησιάζεσθαι
1304 763 1410 820 μετὰ
1439 765 1528 806 τῶν

25 831 347 890 ιθκρατοὺντων,
376 829 602 886 ἐπελάβετο
651 830 723 886 την
755 833 931 887 αἳρεσιν.
988 834 1133 873 τοῦτον
1160 833 1566 884 καταμηνιὶσαντεςῑ)

78 898 185 956 πρὸς
217 901 385 942 Λέοντα
429 897 502 940 τὸν
535 899 712 951 βασιλέα
753 895 779 938 ὅ
805 913 847 940 τε
884 893 1076 952 Ἰωάννης
1105 893 1127 937 ὅ
1157 897 1325 952 ἐπίκλην
1349 893 1526 950 Ὑλιλιὶς,

79 963 127 1007 ὃν
156 964 331 1007 ἐκάλουν
357 962 658 1020 γραμματικόν,
685 963 759 1005 καί
777 962 814 1006 οἱ
838 963 918 1006 σύν
943 964 1070 1020 αὐτῷ,
1097 959 1190 1006 ὄντα
1219 963 1278 1020 τῷ
1301 965 1527 1018 τηνικαῦτα

80 1032 125 1073 έν
153 1031 210 1088 τῷ
237 1031 417 1087 ἁυλαίῳ,
455 1029 626 1082 πέμψας
663 1025 813 1084 ἤγαγεν
840 1029 994 1071 αὐτόν·
1051 1030 1124 1070 καί
1149 1028 1278 1071 εἰπών
1306 1028 1423 1083 αὐτῷ
1451 1028 1526 1069 τὸν

79 1096 230 1139 σκοπὸν
268 1095 425 1148 αὐτοῦ,
458 1093 517 1151 μη
559 1093 668 1148 ἔχων
707 1094 871 1148 καρπόν
918 1093 1192 1148 πνευματικὸν
1219 1096 1264 1136 ἐν
1289 1091 1429 1152 ἐαυτῷ
1457 1095 1530 1135 καί

26 1175 68 1210 15
82 1163 254 1217 ἀγαπῶν
281 1161 355 1217 την
383 1160 635 1215 πρόσκαιρον
656 1159 793 1213 δόξαν,
823 1161 1119 1216 καταπατήσας
1145 1160 1219 1216 τήν
1246 1157 1399 1203 ἑαυτοῦ
1428 1177 1528 1202 συν·

78 1230 238 1284 εἴδησιν
274 1226 347 1269 καί
387 1226 598 1281 ἀθετήσας
644 1225 718 1268 τὸν
755 1225 939 1280 σταυρὸν
982 1226 1054 1268 καὶ
1093 1225 1169 1281 τὴν
1210 1223 1448 1283 ἐπιγραφήν
1477 1225 1528 1280 ἢν

78 1296 284 1348 ἐποίησεν,
313 1293 500 1348 ἐστράφη
529 1295 588 1341 εἰς
614 1292 660 1334 τὸ
692 1293 876 1334 έναντιόν
915 1293 1057 1345 μέρος.
1089 1293 1314 1347 ἐρωτηθείς
1336 1292 1414 1346 γὰρ
1444 1291 1526 1332 ὑπὸ

77 1361 153 1402 τοῦ
183 1360 366 1407 Λέοντος
404 1361 444 1400 εἰ
478 1360 706 1412 γέγραπται
748 1361 1078 1409 προσκυνεῖσθαι
1120 1356 1194 1406 τὰς
1236 1358 1420 1414 εἰκόνας,
1451 1354 1527 1399 οὐκ

78 1425 286 1480 ἀπεκρίθη
328 1424 441 1480 αὐτῷ
478 1422 528 1465 τὰ
556 1424 703 1466 δέοντα
750 1424 918 1479 ῥήματα
947 1425 1022 1477 τῆς
1050 1425 1264 1479 α’ληθείας,
1295 1423 1385 1466 ἀλλ’
1413 1421 1649 1468 sinantia?

22 1491 183 1536 2o“ov'u
222 1488 312 1533 ἔστι
349 1491 631 1544 γεγραμμένον
672 1487 858 1543 πώποτε,
901 1488 1006 1531 ἄλλα
1042 1491 1228 1543 λέγουσιν
1269 1486 1335 1532 ὅτι
1363 1492 1524 1545 α’ρχαία

78 1553 314 1609 παράδοσίς
354 1557 481 1597 ἑστι.”
535 1556 609 1597 καί
637 1550 751 1596 εἶπεν
794 1554 815 1597 ὁ
846 1555 973 1597 Λέων
1014 1552 1081 1597 ὅτι
1109 1554 1183 1598 ἐὰν
1220 1558 1271 1597 ου’
1294 1558 1524 1612 γέγραπται

79 1623 140 1671 εἰς
167 1619 214 1662 τό
245 1620 487 1675 εὐαγγέλιον
513 1621 585 1663 καί
632 1623 690 1669 εἰς
719 1619 792 1663 τόν
820 1615 1050 1663 ἀπόστολον
1076 1621 1213 1678 ῥητῶς
1241 1618 1306 1664 ὅτι
1337 1638 1524 1679 προσκυ-

83 1822 120 1851 et
138 1817 305 1862 deinceps
340 1817 379 1849 in
403 1817 656 1849 monasterium
683 1816 999 1861 metropolitanum
1023 1816 1169 1849 nomine
1195 1819 1416 1862 praepositus
1444 1818 1521 1852 fue.

84 1869 140 1897 rat
163 1865 358 1903 institutus,
387 1862 493 1895 homo
535 1862 702 1908 equidem
738 1863 866 1895 fabulis
894 1863 1079 1904 addictus,
1105 1864 1194 1896 risus
1219 1869 1255 1897 et
1275 1865 1440 1898 ludorum
1466 1877 1523 1898 se-

82 1916 214 1951 ctator,
251 1911 315 1956 qui
351 1910 535 1943 monachis
561 1910 633 1941 suis
660 1909 813 1942 subditis
841 1915 878 1942 et
905 1910 1055 1943 iuvenili
1080 1916 1196 1944 aetate
1222 1910 1339 1945 adhuc
1365 1912 1522 1946 detentis

82 1957 171 1990 haec
193 1956 317 1991 eadem
349 1957 476 1990 sectari
503 1955 737 2000 suggerebat,
763 1956 871 1989 verbo
897 1956 1008 1989 dicam
1024 1981 1033 1997 ‚
1071 1963 1209 2003 turpem
1235 1963 1272 1991 et
1295 1958 1520 1992 inhonestam

82 2006 189 2038 vitam
214 2004 364 2037 ducens:
390 2014 460 2049 qua
487 2004 624 2036 ratione
640 2003 865 2047 postmodum
892 2003 952 2036 dei
973 2005 1142 2048 permissu
1169 2005 1282 2038 factus
1309 2006 1414 2039 fuerit
1441 2007 1522 2051 epi-

84 2063 210 2096 scopus
235 2050 376 2094 Syiaei,
417 2051 560 2095 penitus
585 2050 722 2094 ignoro.
780 2055 911 2082 rectam
937 2057 1031 2084 certe
1061 2051 1167 2084 iidem
1192 2063 1210 2083 a
1235 2064 1347 2097 puero
1374 2053 1520 2086 edoctus

85 2104 171 2139 erat,
196 2097 365 2143 deinceps
389 2103 507 2130 autem
533 2108 576 2129 ex
594 2108 704 2130 vanae
725 2097 858 2139 gloriae
879 2097 1044 2137 libidine.
1069 2104 1106 2131 et
1122 2099 1299 2132 libertatis
1324 2100 1362 2133 in
1388 2101 1520 2143 regium

83 2144 312 2188 ingrediendi
338 2143 534 2189 captandae
558 2155 660 2176 causa
677 2170 686 2184 ‚
713 2150 748 2176 et
774 2149 813 2177 ut
838 2144 1034 2176 aulicorum
1056 2146 1227 2178 consortii
1251 2147 1429 2192 particeps
1458 2147 1522 2179 {ie-

85 2198 150 2232 ret,
175 2192 348 2224 haeresim
376 2191 558 2236 amplexus
588 2197 651 2223 est.
709 2190 804 2223 hunc
838 2201 916 2223 cum
944 2191 1054 2224 Leoni
1089 2193 1291 2237 imperatori
1317 2200 1440 2226 notum
1468 2194 1522 2226 fe-

84 2238 217 2272 cissent
241 2243 277 2271 et
298 2238 417 2281 Sylaei
443 2237 605 2270 habitare
634 2237 908 2277 renuntiassent,
936 2239 1086 2271 loannes
1111 2246 1346 2283 cognomento
1374 2241 1522 2284 Hylilas,

84 2296 190 2330 quem
228 2285 492 2328 grammaticum
533 2284 701 2317 dicebant
720 2309 728 2324 ,
771 2289 807 2316 et
842 2285 1041 2318 sententiae
1068 2285 1230 2319 eiusdum
1256 2288 1426 2328 comites,
1450 2289 1522 2321 Leo

83 2333 189 2365 misso
215 2332 340 2364 nuntio
369 2332 508 2365 vocavit
536 2332 738 2371 hominem3
766 2336 803 2364 et
832 2330 960 2364 exinde
986 2333 1114 2365 mentis
1138 2335 1353 2367 sententiam
1380 2335 1413 2367 ei
1438 2346 1524 2379 ape·

85 2380 163 2411 ruit.
213 2389 291 2410 cum
316 2378 454 2410 nullum
479 2379 629 2411 fructum
655 2378 878 2423 spiritualem
900 2378 938 2411 in
965 2389 1000 2411 se
1026 2379 1103 2423 ipso
1126 2378 1286 2421 haberet,
1311 2381 1373 2413 sed
1398 2392 1523 2414 vanam

84 2431 224 2458 tantum
258 2430 454 2458 sectaretur
480 2426 652 2468 gloriam,
687 2425 891 2458 conculcata
934 2426 1163 2471 proiectaque
1200 2428 1418 2460 conscientia
1446 2438 1522 2467 sna,

83 2476 361 2517 contemptaque
388 2482 501 2513 cruce,
526 2483 629 2517 quam
659 2472 696 2505 in
722 2472 1020 2516 subscriptionem
1040 2473 1208 2515 exaravit,
1233 2475 1269 2507 in
1298 2479 1432 2519 partem
1459 2473 1524 2507 de-

84 2519 231 2551 clinavit
255 2519 478 2551 contrariam.
528 2519 764 2562 interrogatus
791 2520 885 2551 enim
913 2529 932 2550 a
960 2520 1080 2552 Leone
1105 2531 1189 2553 num
1214 2520 1411 2554 adorandas
1436 2521 1525 2553 ima-

83 2566 181 2609 gines
219 2565 387 2610 scriptum
408 2565 557 2609 legerit,
581 2565 673 2598 nihil
709 2565 806 2610 quod
835 2564 880 2597 ad
915 2565 1102 2599 veritatem
1128 2572 1305 2612 spectaret
1328 2567 1523 2612 respondit,

85 2612 148 2645 sed
171 2611 262 2645 dixit
287 2611 442 2644 “nullibi
467 2611 534 2644 hoc
558 2613 724 2656 scriptum
745 2618 813 2645 est:
841 2623 962 2644 verum
988 2613 1172 2659 antiquam
1190 2625 1266 2647 esse
1292 2614 1523 2649 traditionem

83 2660 280 2692 asserunt.”
304 2658 481 2691 subinfert
508 2659 579 2692 Leo
605 2660 696 2692 “nisi
717 2660 754 2692 in
779 2659 971 2702 evangeliis
997 2665 1060 2693 aut
1079 2660 1174 2705 apud
1200 2661 1402 2705 apostolum
1429 2662 1522 2695 clare

85 2711 121 2740 et
146 2705 191 2738 ad
215 2704 358 2739 verbum
384 2705 571 2747 scribatur,
595 2705 825 2740 Veneremini
847 2706 1036 2751 imaginem
1061 2717 1186 2748 meam,
1209 2718 1382 2754 nusquam
1410 2708 1522 2755 ipsam
