1806 3158
626 138 1118 182 clmoNoGRAPfflA.
1195 121 1197 125 ’
1524 130 1588 182 47

142 239 368 294 Ζαχαρίας
397 239 421 280 0‘
449 241 527 282 τοῦ
554 239 708 283 Ἀδὸώ.
767 241 1046 293 καταθέμενοι
1074 240 1122 282 δὲ
1144 236 1184 281 οἵ
1213 237 1310 294 περὶ
1328 236 1400 281 τὸν
1426 240 1592 294 Ἰησοῦν

142 309 220 349 τοῦ
247 310 352 350 ναοῦ
390 305 466 361 τήν
502 306 656 363 ἕδραν,
687 308 758 361 ἐφ’
783 302 862 347 ὅλα
888 306 959 361 μβ’
999 306 1072 362 ἔτη
1111 305 1159 348 τὸ
1203 305 1325 360 ἔργον
1364 305 1592 350 ἐκωλύοντο

142 374 480 428 συμπεραιῶσαι,
507 375 657 427 μέχρις
683 368 735 413 οὗ
759 375 943 427 Δαρεῖος
972 371 993 414 ὅ
1025 371 1119 422 υἱὸς
1142 371 1382 415 (Υστάσπεω
1411 374 1592 432 δευτέρῳ

143 437 226 481 ἔτει
253 440 328 494 τῆς
354 436 508 481 ἑαυτοῦ
550 438 766 492 βασιλείας
795 437 893 487 τούς
931 440 1226 497 ε’μποὸιζοντας
1254 439 1503 489 ἀναστείλας
1528 456 1594 482 τε-

109 503 261 547 5λειἀν
289 507 500 559 ἐπιτρέπει
527 506 602 547 τοῦ
626 506 728 546 ναοῦ
755 505 834 558 τὴν
873 505 1149 560 κατασκευήν,
1178 505 1250 547 καί
1276 506 1594 561 συμπληροῦται

141 573 187 613 ἐν
214 566 353 621 ἄλλοις
380 573 571 626 τέτρασιν
598 568 746 627 ἔτεσιν,
770 569 876 613 α’)’στε
904 574 1233 626 συντελεσθῆναι
1260 571 1385 614 αὐτὸν
1411 574 1456 614 ἐν
1484 567 1596 622 ὅλοις

139 634 251 679 ἔτεσι
290 639 655 692 τεσσαρακονταέξ.
725 637 888 692 φανεροὶ
935 639 982 679 δέ
1013 641 1104 679 ἐστι
1147 641 1230 680 τῶν
1261 638 1541 693 ὑποκειμένων
1568 640 1595 694 ἧ

139 701 363 754 ἅπόδειξις.
438 702 679 758 Καμβύσης
709 703 731 744 ὅ
762 706 835 746 καί
856 700 1142 759 ’Λρταξέρξης
1172 703 1214 759 (ὅ
1248 703 1378 752 αὐτὸς
1407 706 1454 747 δέ
1482 706 1595 748 ἐστιν

139 765 163 808 ὅ
200 769 274 809 καί
311 769 356 810 ἐν
386 770 445 824 τῷ
482 764 637 823 Ἔσὸρα
669 768 887 823 λεγόμενος
919 769 1232 826 Ἀρθασασθὰ)
1269 769 1341 812 τόν
1383 772 1532 823 Κῦρον
1570 764 1594 812 ὖ

84 839 126 875 10
140 831 234 883 υἱὸς
259 831 556 888 διαδεξάμενος
570 837 842 887 ἐβασίλευσεν
873 834 942 891 ἔτη
971 836 1094 878 ὀκτώ.
1152 835 1384 892 Σφενδάτις
1412 835 1484 878 καί
1509 840 1593 879 Κι-

136 897 319 953 μοὶρδιος
360 899 538 956 ἀδελφοὶ
578 901 755 956 ΙΙἸάγοι,
790 903 945 957 Μῆδοι·
965 905 1023 959 τῷ
1049 904 1171 958 γένει,
1201 904 1443 955 ἐπιθέμενοι
1470 906 1595 956 βασι-

136 963 309 1007 λεύουσι
338 968 475 1020 μῆνας
501 963 615 1010 ἑπτά.
671 971 854 1023 Δαρεῖος
884 966 905 1010 ὃ
933 967 1084 1024 Κύρου
1104 970 1182 1022 μὲν
1211 968 1420 1024 ἀπόγονος,
1444 967 1592 1012 Ὑστά-

137 1046 246 1073 σπου
275 1033 322 1074 δὲ
349 1030 468 1086 υἱός,
513 1038 601 1083 τοῖς
633 1031 801 1088 Μάγοις
832 1035 1077 1087 ἐπιθέμενος
1109 1036 1183 1076 καί
1209 1034 1421 1089 κρατήσας
1448 1036 1593 1088 ἐβασί-

138 1100 259 1139 λευσε
285 1098 413 1154 μέχρι
441 1097 783 1155 συμπληρώσεως
807 1099 1091 1156 Ἰερουσαλήμ
1115 1099 1185 1156 ἔτη
1213 1103 1256 1151 ἓξ
1272 1100 1468 1156 καὶπρὸς
1495 1101 1593 1144 τού-

83 1173 225 1212 15τοις
253 1160 361 1207 ἄλλα
403 1166 644 1222 τριάκοντα,
686 1164 792 1209 αῗστε
838 1170 1183 1219 βεβασιλευκέναι
1224 1165 1296 1223 ἔτη
1335 1167 1408 1216 λς’.
1483 1167 1590 1209 κατὰ

135 1227 310 1281 τούτους
357 1230 456 1283 τούς
490 1232 671 1287 χρόνους
713 1234 982 1288 Πυθαγόρας
1023 1232 1046 1275 ὅ
1088 1233 1321 1289 φιλόσοφος
1350 1233 1593 1290 ἐτελεύτησε

136 1295 208 1338 καί
230 1296 508 1354 Ἱπποκράτης
539 1299 560 1340 ὅ
592 1299 736 1353 ἰατρὸς
765 1301 1020 1354 ἑγνωρίζετο.
1053 1298 1209 1356 Ξέρξης
1239 1300 1262 1342 ὅ
1286 1303 1470 1354 Δαρείου
1502 1299 1592 1348 υἱὸς

136 1362 405 1415 ἐβασίλευσεν
428 1363 498 1419 ἔτη
527 1366 573 1408 κ’.
625 1366 892 1420 Ἀρτάβανος
922 1368 1169 1419 ἐβασίλευσε
1197 1370 1333 1420 μῆνας
1361 1365 1406 1418 ζ’.
1437 1368 1591 1422 Ἀρτα-

137 1428 280 1483 ξέρξης
305 1428 327 1470 ὅ
356 1428 518 1484 Ξέρξου
561 1430 585 1472 ὅ
616 1431 848 1486 μακρόχειρ
880 1430 972 1486 (καί
996 1426 1116 1480 οὗτος
1145 1434 1188 1474 ἐν
1222 1435 1280 1490 τῷ
1295 1429 1452 1486 ’Έσδρα
1481 1434 1588 1487 Ἀρ-

79 1503 126 1538 20
139 1494 341 1536 πασασθὰ
383 1498 594 1553 κέκληται)
645 1501 913 1551 ἐβασίλευσεν
950 1495 1020 1552 ἔτη
1057 1496 1141 1551 μα’.
1221 1498 1292 1540 ἐπὶ
1339 1498 1492 1540 τούτου
1536 1497 1588 1539 τοὶ

135 1557 241 1601 κατὰ
271 1560 422 1617 Ἐσθηρ
474 1563 548 1604 καί
574 1566 860 1617 ,Μαρδοχαῖον
899 1563 972 1606 καί
1001 1566 1174 1617 Ἀμμᾶν
1215 1562 1435 1620 ἐπράχθη·
1493 1567 1591 1606 καθ’

137 1622 187 1665 ὃν
213 1625 360 1680 καιρὸν
408 1627 483 1669 καί
506 1618 687 1684 ’Ἔσδρας
718 1632 992 1685 προεφήτευε.
1049 1628 1401 1684 συγχωρήσαντος
1425 1631 1590 1685 Ἀρτα-

136 1692 280 1746 ξέρξου
298 1689 480 1749 Ἔσδρας
501 1694 524 1736 ὅ
545 1693 682 1751 ἱερεὺς
707 1695 801 1745 τοὺς
819 1695 1072 1745 ὑπολοίπους
1089 1694 1311 1751 α’ναγαγών
1329 1696 1388 1745 εἰς
1411 1691 1591 1752 Ἰσραὴλ

230 1804 448 1849 7.ἧοιη(ἶ

139 1903 342 1934 «lamentum
376 1903 570 1944 iecissent,
607 1915 670 1948 per
706 1908 800 1937 totos
825 1903 872 1937 42
908 1915 1020 1937 annos
1045 1916 1134 1950 opus
1169 1905 1272 1938 finire
1301 1903 1465 1949 impediti
1495 1910 1590 1945 sunt,

139 1949 254 1981 donec
269 1950 393 1983 Darius
409 1951 589 1995 Hystaspis
607 1951 699 1983 filius
714 1952 828 1983 altero
847 1952 944 1995 regni
963 1964 1058 1985 anno
1082 1963 1145 1985 eos
1162 1953 1224 1997 qui
1239 1963 1328 1996 opus
1344 1951 1590 1997 impediebant

139 1996 270 2040 repulit
294 2001 331 2028 et
353 1997 639 2031 aedificationem
667 1999 790 2042 templi
819 1998 865 2030 ad
889 1999 995 2032 finem
1025 1999 1286 2044 perducendam
1316 2000 1462 2039 curavit,
1491 1999 1590 2044 quod

138 2043 278 2076 finitum
304 2050 357 2077 est
380 2043 404 2076 4
427 2046 528 2078 annis
545 2069 555 2085 ‚
583 2046 633 2078 ita
657 2051 697 2078 ut
722 2045 949 2078 aedificatum
987 2046 1035 2079 sit
1060 2047 1143 2079 totis
1167 2044 1213 2080 46
1239 2047 1352 2079 annis.
1401 2047 1591 2091 perspicua

138 2095 256 2122 autem
285 2097 339 2124 est
362 2090 485 2124 harum
513 2103 627 2124 rerum
652 2092 911 2137 comprobatio.
972 2093 1174 2135 Cambyses,
1201 2094 1263 2138 qui
1289 2094 1396 2126 etiam
1420 2094 1589 2126 Artaxer-

136 2148 198 2170 xes
225 2138 475 2171 nominabatur
500 2138 570 2184 (est
592 2145 710 2172 autem
745 2139 808 2172 ille
836 2139 951 2181 idem,
975 2140 1038 2185 qui
1061 2140 1106 2172 ab
1135 2139 1246 2173 Esdra
1270 2139 1500 2173 Arthasastha
1523 2151 1590 2173 no-

138 2185 306 2231 minatur)
335 2185 462 2228 Cyrum
488 2192 623 2231 patrem
665 2192 806 2219 secutus
830 2197 941 2220 annos
967 2186 991 2220 8
1026 2188 1195 2232 regnavit.
1221 2187 1436 2232 Sphendatis
1466 2192 1502 2220 et
1527 2187 1588 2220 Ci-

137 2229 293 2263 mardius
321 2232 448 2265 fratres
473 2233 593 2277 Magi,
621 2245 749 2277 genere
774 2234 894 2274 Medi,
922 2245 1064 2277 regnum
1100 2235 1234 2280 adepti,
1263 2235 1281 2267 7
1311 2246 1447 2267 menses
1472 2233 1588 2266 admi-

137 2278 342 2311 nistrarant.
392 2280 518 2313 Darius
544 2291 587 2312 ex
615 2282 694 2324 Cyri
714 2286 830 2325 gente,
858 2281 1041 2326 Hystaspis
1070 2281 1164 2314 filius
1181 2283 1302 2326 Magos
1326 2292 1506 2324 aggressus
1533 2286 1588 2314 est

140 2324 256 2368 iisque
285 2327 460 2370 superatis
495 2328 655 2371 regnavit
682 2327 704 2361 6
732 2339 843 2361 annos
881 2339 994 2373 usque
1027 2328 1072 2360 ad
1099 2329 1231 2361 [initam
1258 2328 1586 2371 Hierosolymorum

139 2370 421 2406 aedificationem
449 2379 486 2406 et
510 2380 694 2418 praeterea
718 2375 763 2408 30
791 2386 913 2414 annos,
940 2375 992 2408 ita
1017 2381 1055 2408 ut
1081 2377 1228 2408 omnino
1258 2375 1414 2418 regnarit
1447 2374 1492 2407 36
1521 2385 1586 2406 an-

139 2429 216 2451 n03.
263 2417 360 2452 hisce
389 2421 609 2465 temporibus
637 2421 850 2467 Pythagoras
878 2422 1115 2467 philosophus
1156 2427 1318 2456 mortuus
1355 2427 1408 2454 est
1435 2427 1471 2455 et
1497 2421 1586 2465 Hip-

139 2470 301 2510 pocrates
327 2467 485 2500 medicus
511 2469 626 2501 clarus
653 2470 732 2502 fuit.
796 2469 929 2502 Xerxes
952 2470 1047 2502 Darii
1081 2470 1176 2502 filius
1205 2481 1316 2502 annos
1341 2468 1386 2502 20
1415 2469 1585 2511 regnavit.

138 2511 339 2546 Artabanus
381 2516 538 2557 regnavit
570 2527 708 2549 meuses
748 2516 786 2558 73
823 2518 1030 2549 Artaxerxes
1067 2517 1190 2549 Xerxis
1226 2517 1320 2548 filius
1364 2516 1586 2558 longimanus

139 2560 216 2603 (qui
246 2565 282 2592 et
309 2559 386 2603 ipse
415 2561 460 2593 ab
488 2563 596 2595 Esdra
624 2562 838 2607 Arpasastha
873 2564 1091 2607 nominatur)
1115 2563 1158 2595 41
1189 2574 1300 2596 annos
1326 2562 1493 2605 regnavit.
1520 2562 1586 2595 sub

140 2605 209 2638 hoc
236 2605 327 2638 sacta
350 2613 432 2640 sunt
462 2609 524 2641 illa
563 2621 654 2655 quae
693 2610 736 2642 de
771 2609 897 2643 Esther
937 2615 973 2643 et
996 2610 1234 2643 Mardochaeo
1270 2615 1306 2642 et
1329 2609 1476 2642 Amman
1505 2620 1588 2641 nar-

140 2659 286 2695 rantur3
314 2653 422 2686 etiam
455 2655 563 2688 Esdra
590 2657 653 2689 illo
693 2662 851 2702 tempore
884 2657 1125 2702 prophetavit.
1175 2668 1252 2688 cum
1282 2655 1454 2700 permissu
1483 2656 1587 2689 Arta-

138 2701 256 2734 xerxis
271 2700 377 2734 Esdra
395 2702 555 2736 sacerdos
575 2704 732 2749 reliquos
749 2704 785 2737 in
802 2705 910 2738 Israel
930 2704 1094 2738 reductos
1112 2704 1223 2748 legem
1243 2701 1397 2736 edocuit.
1423 2703 1586 2737 Neemias
