1838 3132
638 106 1131 151 CHRONOGRAPHIA.
1501 108 1523 151 1
1535 109 1556 151 1
1567 109 1590 152 1

142 206 593 253 Κωνσταντινουπόλει
618 208 791 262 σεισμός
818 209 966 262 με’γας,
997 204 1102 256 ὥστε
1127 205 1232 250 πολὺ
1263 206 1394 263 μέρος
1421 207 1494 263 τῆς
1522 206 1598 251 πό-

140 281 246 327 λεως
275 282 532 321 καταπεσεῖν.

514 396 740 446 Μαρκιανὸς
763 398 783 435 ὅ
809 397 979 448 γαμβρὸς
1007 401 1221 437 Θεοδοσίου.

252 492 508 550 Μαρκιανὸς
537 495 810 548 ἐβασίλευσεν
827 493 896 551 ἔτη
916 497 958 547 ἓξ
986 498 1060 538 καί
1085 498 1221 551 μῆνας
1237 497 1367 551 πέντε,
1395 497 1597 552 στεφθείς
1615 504 1719 553 ,εῇξῶ

105 562 222 612 515πὸ
247 562 495 606 Ἀνατολίου
523 560 806 617 πατριάρχου.
865 557 987 610 οὗτος
1012 560 1034 602 ὅ
1052 560 1305 615 Μαρκιανὸς
1333 558 1384 617 ἢν
1414 563 1598 616 πρεσβύ-

138 646 212 685 της
239 627 313 684 τὴν
348 628 536 683 ἡλικίαν,
569 628 807 684 αἰδέσιμος,
840 625 1094 682 ἱεροπρεπής
1122 631 1174 685 τῇ
1205 626 1467 685 καταστάσει,
1497 627 1603 683 ἐρύ-

138 700 258 752 θημα
286 695 358 736 ἐπὶ
384 696 458 735 τοῦ
485 692 712 747 προσώπου
743 697 885 749 φέρων
913 697 1212 748 κεκερασμένον
1236 694 1394 750 χάριτι,
1420 693 1601 748 μεγαλό-

137 773 291 818 ψυχος,
310 759 594 817 φιλαργυρίας
610 759 848 816 ὑπέρτερος,
871 758 1054 816 σώφρων
1071 761 1144 802 καί
1162 761 1260 816 περί
1278 760 1328 804 τά
1350 765 1449 804 θεῖα
1476 762 1602 804 εὐλα-

137 829 229 883 βής,
258 826 360 883 πρὸς
388 827 485 876 τούς
514 825 835 881 ἁμαρτάνοντας
861 824 1107 882 συμπαθής,
1137 823 1384 882 ἄπειροςγδὲ
1405 828 1602 877 παιδεάιις

83 910 127 945 10
140 898 213 951 τῆς
242 893 412 947 ἔξωθεν.
468 891 596 948 ἔγημε
630 895 677 935 δὲ
706 892 727 935 ὃ
766 892 895 942 αὐτός
923 892 1144 942 θειότατος
1171 892 1427 948 ,Μαρκιανὸς
1451 897 1600 936 Πουλ-

135 961 287 1018 χεριάν
325 959 402 1016 τὴν
442 959 632 1016 ἀδελφὴν
662 961 891 1002 Θεοδοσίου
930 961 1009 1001 τοῦ
1035 962 1257 1013 βασιλέως,
1289 955 1421 1002 οὖσαν
1446 959 1598 1015 πεντὴ-

137 1043 264 1071 κοντα
294 1026 507 1080 τεσσάρων
537 1028 638 1068 ἑτῶν
664 1028 877 1079 παρθένον
916 1026 991 1068 καί
1012 1024 1070 1081 μή
1102 1027 1433 1082 διαφθαρεῖσαν.

244 1095 334 1136 Ἐπί
355 1092 508 1136 τούτου
523 1094 687 1147 γέγονεν
715 1090 935 1149 ἤτετάρτη
965 1091 1142 1142 σύνοδος
1173 1093 1218 1134 έν
1241 1090 1484 1147 Καλχηδόνι
1513 1091 1595 1134 ὑπὸ

137 1163 330 1216 πατέρων
357 1159 421 1214 χλ’
440 1194 453 1215 ,
490 1159 598 1201 κατὰ
630 1159 855 1213 Εὕτυχοῦς
892 1159 967 1201 καί
992 1161 1230 1212 Διοσκόρου
1261 1160 1334 1201 καί
1359 1160 1598 1214 Νεστοριόυ

83 1229 219 1278 15τῶν
245 1226 453 1282 ματαίων,
486 1224 689 1280 λεγόντων
725 1224 784 1281 μή
825 1222 934 1268 εἶναι
972 1225 1050 1280 τὴν
1093 1223 1306 1279 σάρκωσιν
1345 1226 1422 1267 τοῦ
1450 1227 1599 1279 κυρίου

137 1293 361 1348 ὅμοούσιον
399 1293 526 1348 ἡμῖν,
567 1295 660 1334 ἀλλ’
698 1295 744 1334 ἐκ
790 1291 866 1334 δύο
904 1292 1077 1348 φύσεων
1102 1291 1177 1347 τήν
1211 1290 1359 1334 ἕνωσιν
1387 1293 1600 1348 λέγεσθαι,

134 1361 238 1415 μίαν
270 1361 316 1402 δὲ
341 1360 673 1414 ἀποτελεσθῆναι
701 1357 809 1412 μετὰ
838 1358 912 1414 τήν
941 1360 1101 1414 ἕνωσιν,
1130 1359 1203 1400 καί
1228 1355 1283 1406 ὥς
1313 1359 1358 1399 ἐν
1389 1361 1600 1415 φαντασίᾳ

137 1428 318 1484 φορέσαι
343 1424 419 1479 τήν
449 1424 585 1479 σάρκα
614 1424 688 1468 τὸν
713 1423 860 1478 κύριον
885 1422 1297 1478 καθομολογούντων,
1327 1423 1400 1466 καί
1428 1422 1598 1480 θεότητι

136 1491 271 1542 πάθος
300 1489 607 1544 οἷπονεμόντων.
662 1491 835 1546 ἧγοῧντο
863 1493 910 1533 δὲ
927 1490 1128 1540 Λεόντιος
1150 1489 1326 1546 Ῥώμης,
1349 1490 1600 1541 Ἀνατὸλιος

79 1572 126 1606 20
141 1556 639 1615 Κωνσταντινουπόλεως,
664 1557 940 1612 Ἰουβενάλιος
961 1557 1274 1612 Ἱεροσολύμων.
1332 1559 1529 1612 εἰσῆλθον
1551 1558 1603 1599 δὲ

137 1626 211 1667 καί
235 1622 287 1667 τά
334 1625 514 1677 λείψανα
542 1627 620 1666 τοῦ
660 1622 778 1679 ἁγιόυ
806 1624 1025 1680 προφήτου
1046 1623 1228 1665 Ἱ-Ισαΐου
1258 1624 1488 1677 ἐνεχθέντα
1517 1622 1599 1665 ἀπὸ

138 1692 316 1747 Νεάδος,
362 1692 435 1733 καί
459 1692 749 1747 κατετέθησαν
787 1693 848 1740 εἰς
875 1690 948 1733 τὸν
977 1686 1096 1746 ἅγιον
1126 1693 1408 1746 Λαυρέντιον.
1465 1688 1522 1748 τῷ
1553 1690 1600 1732 δὲ

140 1853 329 1899 episcopus
354 1859 408 1887 est
432 1854 570 1887 missus.
620 1853 687 1887 sub
721 1854 828 1887 finem
865 1854 1007 1898 imperii
1038 1852 1237 1888 Theodosii
1273 1852 1378 1899 Cpoli
1401 1857 1495 1889 terra
1517 1863 1600 1899 per·

140 1911 242 1935 cussa
270 1906 337 1943 est,
361 1907 398 1935 et
419 1912 546 1946 magna
571 1901 671 1935 urbis
697 1913 779 1948 pars
805 1901 973 1935 concidit.
1522 1911 1524 1913 ·

759 2027 981 2061 MARcmuus.

237 2117 434 2151 Marcianus
459 2117 481 2152 6
509 2130 622 2152 annos
646 2123 685 2152 et
717 2119 739 2153 5
766 2130 908 2152 menses
938 2118 1119 2163 regnavit,
1145 2122 1337 2152 coronatus
1362 2117 1406 2150 ab
1427 2118 1596 2152 Anatolio

141 2165 353 2209 patriarcha.
403 2165 464 2199 hic
489 2172 606 2200 aetate
641 2171 717 2200 erat
741 2168 966 2211 provectior,
993 2165 1228 2206 venerabilis,
1254 2166 1398 2211 optimis
1424 2165 1596 2206 moribus,

141 2212 179 2244 in
205 2212 296 2245 facie
323 2212 485 2246 ruborem
512 2214 622 2258 gratia
640 2219 876 2258 temperatum
897 2214 1046 2254 habens,
1073 2214 1329 2257 magnanimus,
1347 2213 1517 2246 avaritiae
1535 2224 1598 2246 ex·

141 2270 233 2303 pers,
262 2259 464 2294 moderatus
491 2267 528 2294 et
551 2261 765 2305 religiosus,
800 2262 1001 2294 misericors
1038 2262 1076 2294 in
1108 2267 1328 2306 peccatores,
1357 2266 1514 2293 ceterum
1539 2259 1597 2292 di-

143 2306 371 2349 sciplinarum
399 2307 508 2341 rudis.
570 2308 673 2342 duxit
703 2309 762 2341 hic
789 2308 1031 2342 divinissimus
1053 2308 1258 2342 Marcianus
1286 2307 1524 2348 Pulcheriam,
1550 2304 1598 2347 54

142 2363 315 2387 annorum
345 2355 517 2399 virginem
541 2356 798 2402 incorruptam.

236 2401 309 2434 Sub
336 2401 405 2435 hoe
430 2402 658 2436 Chalcedone
685 2409 811 2449 quarta
839 2401 995 2447 synodus
1020 2401 1090 2436 fuit
1118 2402 1187 2437 630
1212 2408 1352 2449 patrum
1377 2407 1499 2436 contra
1524 2401 1598 2435 Eu·

142 2445 336 2490 tychetem,
362 2449 574 2483 Dioscurum
591 2456 628 2484 et
643 2451 863 2491 Nestorium,
890 2449 1056 2483 homines
1082 2462 1206 2491 vanos,
1225 2450 1289 2495 qui
1315 2450 1496 2490 dicebant,
1521 2459 1598 2482 non

143 2505 221 2527 esse
245 2506 387 2529 carnem
428 2497 565 2531 domini
593 2497 699 2531 nobis
723 2498 888 2538 similem,
925 2497 989 2530 sed
1014 2496 1100 2530 duas
1124 2503 1268 2531 naturas
1297 2498 1434 2530 iunctas
1459 2506 1536 2530 esse
1560 2500 1598 2529 et

144 2553 252 2574 uuam
276 2542 417 2584 factam,
443 2550 480 2578 et
508 2544 690 2578 dominum
710 2550 848 2580 tantem
874 2545 1030 2589 speciem
1057 2545 1175 2578 carnis
1206 2544 1477 2583 circumtulisse,
1503 2543 1599 2576 divi-

142 2590 294 2623 nitatem
320 2601 459 2635 passam
485 2603 560 2625 esse
584 2592 742 2626 aiebant.
792 2593 972 2638 principes
1009 2592 1048 2625 in
1073 2592 1228 2626 concilio
1255 2591 1400 2624 suerunt
1424 2590 1598 2624 Leontius

144 2637 334 2678 Romanus,
353 2639 539 2672 Anatolius
566 2640 791 2685 Cpolitanus,
821 2640 998 2673 Iuvenalis
1021 2638 1378 2682 Hierosolymitanns.
1428 2643 1598 2683 apporta-

146 2689 202 2718 tse
227 2690 310 2719 sunt
336 2686 443 2719 etiam
470 2686 591 2720 Neade
616 2687 752 2722 lesaiae
772 2686 976 2734 prophetae
1004 2687 1194 2733 reliquiae,
1218 2697 1310 2732 quae
1333 2686 1372 2720 in
1396 2686 1598 2720 sanctuario
