1806 3158
600 161 1088 204 CHRONOGRAPHIA.
1496 161 1524 204 3
1532 161 1557 205 7

119 277 164 304 τε
193 255 339 316 πάσχα
386 264 516 321 κυρίῳ
555 263 735 304 ἐπετέλει
773 260 856 303 άπὸ
885 264 966 303 τῶν
1007 260 1172 316 χρόνων
1198 261 1332 316 Ἰησοῦ
1363 259 1457 302 υἱοῦ
1485 264 1562 303 τοῦ

119 330 247 383 Ναυῆ
285 330 469 371 τοιοῦτον
508 327 567 382 μὴ
596 326 834 382 γενόμενον,
873 331 946 371 καί
979 329 1060 370 τῶν
1099 329 1143 370 ἐν
1178 326 1348 384 ἀσεβείᾳ
1375 326 1449 369 τὸν
1472 327 1564 380 βίον

117 394 428 450 ἐξεληλυθότων
455 393 505 436 τά
533 394 632 436 ὀστᾶ
660 394 904 448 συναγαγών
941 396 1012 436 ὲπί
1038 396 1095 451 τῷ
1123 391 1414 450 θυσιαστηρίῳ
1445 395 1565 434 κατέ-

116 476 248 502 καυσε
276 463 360 502 τῶν
399 459 601 513 εἰδώλων,
640 459 713 500 καί
750 459 884 502 πάντα
927 458 1324 513 καταστρεψάμενος
1349 460 1564 512 εὐσεβείας

83 529 174 584 5τῷ
201 528 288 584 λαῷ
314 532 511 581 παρεῖχεν
540 525 838 580 ὖποὸειγματα.
914 528 1020 581 φασί
1055 528 1101 567 di&
1144 525 1218 567 τὸν
1245 526 1429 567 Χελκίαν
1460 524 1561 567 α’να·

114 592 266 647 γνόντα
297 590 343 635 to*
372 591 533 646 βιβλίον
569 595 808 646 παραυτίκα
848 593 1223 647 διαπεφωνηκέναι.
1279 590 1565 647 προεφήτευον

116 660 163 701 δὲ
191 659 262 701 ἐπὶ
287 656 437 700 τούτου
466 658 678 712 Ἱερεμίας
716 657 737 700 ὃ
779 659 854 700 τοῦ
890 660 1073 700 Χελκίου
1112 658 1185 699 καί
1225 659 1451 713 Σοφονίας,
1492 654 1567 698 καί

108 722 261 778 Ἡλιβά
291 723 393 779 γυνη
425 726 575 777 Σελείμ
620 726 697 766 τοῦ
739 722 1069 780 ἱματιοφυλακος
1110 726 1187 766 τοῦ
1215 722 1380 778 ἱερέως·
1434 718 1486 777 ἦν
1518 723 1566 764 δὲ

113 790 187 832 καί
213 791 562 846 ψευδοπροφήτης
603 791 811 838 Ἀνανίας.
896 789 1001 831 κατὰ
1040 789 1216 839 τούτους
1254 789 1348 839 τούς
1388 789 1564 843 χρόνους

61 860 104 895 10
116 859 301 909 Σίβυλλα
331 858 375 898 ἐν
402 855 529 914 Σάμῳ
549 857 804 912 ἐγνωρίζετο,
833 857 906 897 καί
932 855 978 898 τὸ
1011 857 1250 908 Βυζάντιον
1277 857 1448 911 ἐκτίσθη
1477 853 1560 896 ὑπὸ

115 926 365 979 Μεγαρέων.

225 987 411 1044 Ἰωάχαζ
440 987 535 1039 υἱὸς
570 988 764 1044 Ἰωσίου,
793 989 866 1031 τὸν
908 990 1066 1043 πατέρα
1097 990 1408 1043 διαδεξάμενος,
1436 991 1562 1043 βασι-

112 1053 225 1098 λεύει
249 1057 385 1110 μῆνας
411 1062 535 1111 τρεῖς.
611 1055 761 1110 Νεβὰὃ
795 1056 841 1097 δὲ
880 1055 1081 1109 βασιλεύς
1108 1054 1329 1110 Αἰγύπτου
1357 1056 1563 1110 ἐπιστρα-

111 1120 266 1172 τεύσας
307 1125 356 1180 τῇ
394 1121 678 1177 Ἰερουσαλὴμ
714 1123 787 1164 καί
821 1121 1133 1176 χειρωσάμενος
1173 1120 1247 1163 τόν
1286 1119 1476 1174 Ἰωάχαζ
1501 1120 1564 1170 εἷς

58 1192 102 1227 15
113 1187 326 1243 Αἴγυπτον
358 1186 624 1242 αἰχμάλωτον
650 1185 816 1243 άπάγει,
847 1191 918 1231 καί
934 1191 1178 1243 καθίστησιν
1209 1189 1297 1230 ἄντ’
1324 1188 1455 1228 αὐτοῦ
1479 1183 1585 1241 Bet-s

111 1257 231 1297 σιλὲα
266 1255 337 1297 ἐπὶ
374 1254 661 1310 Ἰερουσαλὴμ,
698 1253 770 1297 τὸν
803 1254 1007 1307 Ἰωακείμ,
1046 1254 1119 1296 καί
1145 1252 1212 1296 τὸν
1240 1254 1447 1306 Ἐλιακείμ
1467 1269 1479 1280 ·
1535 1251 1560 1294 ὅ

111 1319 298 1377 ἀδελφὸς
329 1318 529 1374 Ἰωάχαζ.
599 1315 719 1371 οὗτος
754 1319 831 1374 τὴν
869 1323 1086 1373 βασιλείαν
1116 1317 1413 1373 διαδεξάμενος
1438 1321 1561 1372 βασι-

110 1384 225 1428 λεύει
251 1384 320 1441 ἔτη
350 1386 418 1428 ια’.
475 1386 547 1429 ὲπί
583 1388 729 1429 τούτου
767 1385 1145 1440 Ναβουχοδονόσορ
1175 1387 1329 1439 ἐξάρας
1358 1384 1439 1425 α’πὸ
1468 1386 1560 1426 Βα-

111 1453 298 1506 βυλῶνος
344 1454 479 1508 πάσης
518 1452 758 1507 Αἰγυπτίας
804 1449 1059 1506 ἐπεκράτησε
1087 1453 1183 1506 γῆς,
1214 1453 1287 1492 καί
1312 1451 1392 1492 τῶν
1420 1451 1556 1504 Αἰγυ-

54 1530 100 1564 20
113 1521 248 1568 πτίοις
277 1516 578 1573 πλησιοχώρων
619 1519 693 1559 οὐκ
737 1517 879 1573 ὄλίγην
907 1517 1156 1565 ἀποσπάσας
1184 1518 1381 1570 ἐκέκτητο,
1411 1519 1556 1558 τουτέ-

110 1600 203 1627 στιν
228 1582 310 1624 οἷπό
340 1586 415 1626 τοῦ
439 1583 675 1639 χειμάρρου
696 1584 932 1637 Αἰγυπτίου
959 1582 1037 1631 ἕως
1067 1583 1144 1624 τοῦ
1170 1585 1359 1635 ποταμοῦ
1378 1580 1556 1638 Επῖφρά-

109 1666 212 1706 του,
258 1653 330 1693 καί
357 1650 433 1704 τὴν
464 1650 678 1692 Ἰουδαίαν
711 1648 926 1706 ὑπόφορον
958 1646 1126 1691 ἅπασαν
1164 1651 1417 1704 κατέστησε·
1481 1649 1554 1690 καὶ

110 1717 354 1760 ἐδούλευσεν
375 1713 576 1770 Ἰωακείμ
613 1718 668 1774 τῷ
697 1713 1068 1771 Ναβουχοδονόσορ
1102 1712 1172 1770 ἔτη
1200 1714 1252 1769 γ’.
1308 1715 1378 1757 ἐπί
1401 1713 1552 1757 τούτου

110 1931 174 1964 ille
193 1930 341 1977 (probus
367 1931 460 1964 enim
486 1933 574 1975 erat)
589 1936 626 1965 et
641 1931 769 1977 pascha
787 1931 855 1964 deo
879 1931 1082 1971 celebravit,
1097 1929 1194 1976 quod
1210 1929 1293 1963 inde
1310 1941 1329 1961 a
1343 1930 1436 1971 lesu,
1449 1929 1550 1963 Naue

110 1978 194 2018 filii,
218 1978 438 2022 temporibus
464 1990 648 2024 nunquam
671 1980 804 2012 factum
819 1983 916 2019 erat,
940 1984 977 2011 et
1002 1989 1147 2020 eorum,
1172 1977 1233 2024 qui
1257 1978 1294 2010 in
1320 1977 1503 2021 impietate
1528 1988 1549 2010 e

109 2026 183 2059 vita
211 2025 469 2066 discesserant,
496 2027 647 2059 collecta
676 2037 754 2059 ossa
794 2027 832 2059 in
866 2025 1036 2058 altaribus
1070 2024 1245 2057 idolarum
1285 2023 1478 2057 combussit
1513 2029 1551 2058 et

111 2071 277 2106 omnibus
305 2072 407 2105 rebus
434 2073 626 2106 immutatis
654 2074 796 2117 pietatis
825 2073 1026 2118 exemplum
1053 2072 1188 2117 populo
1220 2070 1391 2104 exhibuit.
1422 2071 1550 2104 dicunt

109 2125 227 2152 autem
252 2119 438 2160 Chelkian,
472 2131 581 2165 quum
615 2120 778 2153 libellum
804 2121 958 2164 legisset,
984 2121 1102 2152 statim
1133 2119 1342 2164 exspirasse.
1389 2118 1549 2164 prophe-

108 2171 231 2200 tarunt
255 2166 320 2199 sub
361 2178 403 2199 eo
431 2167 620 2209 Ieremias,
646 2167 816 2200 Chelkiae
853 2167 966 2207 filius,
993 2166 1194 2210 Sophonias
1220 2171 1257 2199 et
1279 2164 1432 2205 Heliba‚
1459 2176 1550 2197 uxor

108 2213 243 2254 Selim‚
278 2213 459 2258 vestispici
500 2214 704 2247 sacerdotis.
767 2220 842 2248 erat
885 2214 991 2247 etiam
1029 2214 1138 2247 falsus
1173 2212 1349 2258 propheta
1380 2212 1549 2245 Ananias.

108 2259 205 2294 hisce
229 2260 449 2305 temporibus
478 2261 614 2305 Sibylla
643 2262 759 2295 Samia
786 2262 943 2295 innotuit
971 2266 1006 2294 et
1046 2273 1065 2293 a
1088 2260 1357 2305 Megarensibus
1383 2259 1548 2302 Byzanti-

110 2318 169 2340 um
195 2307 377 2340 conditum
403 2313 467 2341 est.

201 2354 344 2387 loachas
359 2356 471 2388 Iosiae
497 2355 604 2394 silius,
630 2361 763 2399 patrem
787 2360 929 2387 secutus
955 2360 1024 2387 tres
1050 2366 1187 2387 menses
1215 2354 1383 2397 regnavit.
1410 2352 1548 2393 Nebad,

108 2402 259 2445 Aegypti
284 2413 356 2442 rex,
374 2402 616 2445 Hierosolyma
640 2415 716 2434 cum
743 2403 898 2434 exercitu
922 2401 1107 2434 contendit
1123 2407 1157 2434 et
1182 2402 1311 2434 victum
1328 2400 1471 2433 Ioachas
1489 2411 1550 2431 ca-

108 2447 244 2491 ptivum
266 2448 301 2480 in
323 2450 518 2494 Aegyptum
537 2449 650 2489 duxit,
677 2461 756 2493 rege
771 2449 1095 2491 Hierosolymorum
1112 2449 1306 2481 constituto
1326 2448 1362 2479 in
1377 2449 1451 2478 eius
1469 2447 1548 2479 loeo

107 2493 254 2533 loakim,
282 2496 343 2540 qui
363 2497 469 2528 etiam
488 2495 637 2528 Eliakim
657 2502 823 2539 vocatur3
850 2497 958 2529 frater
977 2495 1033 2528 hic
1048 2501 1122 2528 orat
1138 2495 1291 2528 Ioachas.
1318 2494 1377 2526 bic
1404 2505 1550 2536 regnum

108 2542 267 2586 suscepit
300 2547 336 2574 et
361 2542 402 2574 11
428 2554 539 2575 annos
563 2542 830 2577 administravit.
891 2543 956 2575 sub
984 2542 1053 2574 hoc
1080 2542 1420 2580 Nabuchodonosor,
1447 2550 1549 2573 exor-

107 2599 166 2620 sus
191 2598 211 2619 a
239 2587 416 2630 Babylone
455 2590 564 2623 totius
598 2590 748 2634 Aegypti
787 2590 921 2634 potitus
954 2595 1018 2629 est,
1044 2595 1080 2622 et
1116 2589 1260 2634 populis
1296 2587 1548 2631 Aegyptiorum

106 2635 231 2668 vicinis
256 2646 328 2667 non
356 2647 496 2679 parvam
527 2642 655 2669 terram
681 2637 840 2677 abstulit,
884 2648 987 2682 quam
1014 2637 1084 2669 suis
1111 2636 1275 2676 addidit3
1302 2634 1325 2666 i.
1351 2645 1382 2666 e.
1409 2633 1454 2666 ab
1478 2633 1549 2667 Ae·-

108 2681 308 2725 gyptiorum
334 2681 440 2715 ssuvio
467 2695 579 2728 usque
603 2684 647 2716 ad
675 2684 902 2729 Euphratem.
954 2683 1049 2716 idem
1077 2693 1215 2716 omnem
1240 2680 1407 2714 Iudaeam
1431 2680 1548 2714 tribu—

107 2727 229 2762 tariam
255 2729 365 2773 fecit5
402 2730 596 2775 serviitque
632 2731 664 2764 ei
690 2729 825 2765 loakim
852 2736 922 2765 tres
947 2742 1070 2764 anuos.
1130 2728 1195 2764 sub
1222 2739 1264 2762 eo
1289 2727 1549 2774 prophetarunt
