1838 3132
638 111 1128 162 CHRONOGRAPHIA.
1529 115 1550 157 1
1558 110 1620 158 89

171 222 434 275 α’σαλπιγκτί,
465 219 538 261 καί
562 219 722 273 τρέψας
749 215 902 266 αὕτούς
931 215 1099 271 ἐποίησε
1126 217 1233 263 νῖκος
1261 214 1392 269 μέγα·
1421 215 1494 256 καί
1519 215 1624 256 ὕπο..

171 291 360 346 στρέψας
396 289 439 329 ἐν
477 288 532 344 τῇ
566 285 687 327 πόλει
727 282 799 325 καί
833 282 1127 336 θριαμβεύσας
1165 282 1525 336 τεθωρακισμένος
1551 280 1626 322 τὸν

171 356 353 407 πόλεμον
388 354 536 405 τοῦτον
574 346 845 402 ἐπωνόμασεν
882 350 1030 402 εὐγενῆ
1071 346 1129 395 ὦς
1166 344 1343 402 μηδενὸς
1373 342 1485 406 αὐτῷ
1509 347 1626 388 α’ντι-

172 420 358 475 στάντος,
381 420 489 474 μηδὲ
514 418 680 474 σφαγῆς
701 412 923 466 Ῥωμαίων
950 413 1183 476 γενομένης.

138 496 162 529 5
279 483 326 528 ‘O
364 487 411 527 δὲ
453 480 598 538 ἅρχων
626 479 883 536 Βουλγοῖρων
925 476 1179 533 Τέλθριχος,
1221 476 1342 534 γνοὺς
1376 475 1445 521 ὅτι
1473 480 1518 521 ἐκ
1545 480 1627 521 τῶν

175 554 337 603 οἰκείων
365 552 497 593 αι’τοῦ
532 549 606 598 τὰς
631 545 790 601 βουλὰς
827 545 850 587 ὅ
879 544 1078 600 βασιλεὺς
1103 544 1309 597 μανθάνει
1338 545 1451 604 αὐτῷ
1484 547 1529 588 ἐν
1556 547 1629 587 δο-

176 616 332 674 λιότητι
360 614 420 659 ὅτι
446 616 602 669 βουλῆς
644 614 733 665 εἶμι
761 614 958 668 ἐκφυγεῖν
985 613 1056 652 καί
1082 612 1220 653 ἐλθεῖν
1247 610 1351 667 πρὸς
1378 613 1440 664 σε’,
1475 614 1544 654 ἵνα
1571 613 1630 653 δι’

175 686 281 737 ἐμοῦ
321 681 526 739 ὗποτάξῃς
565 682 705 722 πᾶσαν
742 677 817 734 τήν
853 679 1147 732 Βουλγαριάν·
1218 674 1325 719 ἀλλὰ
1363 681 1530 731 πέμψον
1552 693 1629 732 μοι.

176 749 297 804 λόγον
335 751 548 796 α’παθειάς
576 762 674 801 μοι,
722 747 795 787 καί
839 748 954 793 τίνας
989 745 1140 799 φίλους
1181 742 1292 798 ἔχεις
1334 747 1531 800 ἐνταῦθα,
1559 745 1628 786 ἵνα

121 814 382 871 1Οθαρρὴσω
426 813 571 862 αὐτοῖς
608 814 749 854 ἐλθεῖν
789 809 868 854 σὺν
898 811 1006 864 ἐμοί.
1075 808 1096 851 ὃ
1128 811 1175 851 δὲ
1210 809 1435 866 κουφότητι
1463 809 1630 865 γνώμης

176 884 246 925 καί
265 881 383 939 ἀνοίᾳ
412 881 633 936 κρατηθείς
662 877 823 933 ἔγραψε
841 875 940 925 τούς
967 875 1306 932 καταμηνύοντας
1332 877 1460 935 αύτῷ,
1488 878 1629 919 κοῖκεῖ..

174 965 244 999 νος
271 946 425 1002 μαθων
455 946 613 994 πάντας
641 946 764 1002 δεινῷ
792 940 960 1000 θανάτῳ
992 944 1253 997 παρέδωκεν·
1310 940 1411 999 ὅπερ
1442 939 1629 993 οἰκούσας

176 1018 488 1062 Κωνσταντῖνος
514 1012 590 1068 τήν
621 1012 817 1067 γενειάδα
849 1009 980 1052 αὐτοῦ
1009 1011 1240 1051 α’πέτιλλεν.

281 1076 610 1134 Ἐκστρατεύσας
649 1079 695 1120 δὲ
733 1074 859 1119 πάλιν
905 1074 1009 1118 κατὰ
1050 1075 1336 1130 Βουλγάρων,
1377 1077 1448 1118 καί
1486 1076 1631 1126 δειναῖς

126 1158 169 1193 15
185 1147 289 1190 κατὰ
316 1148 400 1189 τῶν
428 1146 584 1188 σκελῶν
625 1142 944 1199 &vagam-9212,
973 1144 1046 1183 καί
1070 1145 1239 1199 πυρετῷ
1265 1140 1407 1199 λάβρῳ
1437 1141 1511 1184 καὶ
1536 1143 1632 1184 δια-

179 1218 277 1256 καεῖ
297 1211 522 1267 συσχεθείς
560 1209 661 1253 κατὰ
691 1209 769 1265 τήν
803 1208 1171 1264 Ἀρκαὸιούπολιν,
1199 1208 1463 1263 ὑπέστρεψεν
1492 1209 1631 1263 έγκλιῖ-

177 1295 286 1330 νιος·
354 1279 428 1320 καί
467 1276 604 1320 ἐλθών
642 1279 687 1320 έν
728 1277 996 1331 Σηλυμβρίᾳ,
1046 1274 1120 1316 καί
1156 1274 1343 1324 πλωίσας
1386 1277 1517 1329 μέχρι
1552 1277 1630 1316 τοῦ

179 1345 435 1401 στρογγύλου
474 1344 745 1394 καστελλιόυ,
777 1340 1014 1397 θνησκούσῃ
1051 1342 1174 1397 ψυχῇ
1210 1339 1282 1382 καί
1315 1339 1494 1395 σώματι,
1518 1343 1630 1394 βοιὸν

179 1414 250 1454 καί
277 1414 406 1465 λέγων
433 1407 498 1453 ὅτι
542 1411 624 1461 ζῶν
652 1407 757 1463 πυρὶ
784 1407 975 1465 ἀσβέστῳ
1013 1408 1253 1462 παρεδόθην
1279 1405 1349 1449 διὰ
1379 1406 1454 1462 τήν
1482 1405 1629 1449 θεοπό-

122 1490 168 1526 20
181 1493 250 1520 κον
287 1478 494 1531 Μαρίαν·
563 1473 670 1517 ἀλλὰ
704 1472 786 1533 α’πὸ
828 1475 904 1516 τοῦ
929 1475 1003 1516 νῦν
1038 1473 1233 1527 τιμάσθω
1263 1476 1336 1515 καί
1361 1474 1628 1526 α’νυμνείσθω

180 1543 238 1592 ὥς
265 1542 457 1591 θεοτόκος
492 1540 656 1596 ἀληθὴς
698 1536 818 1583 οὖσα.
887 1542 1024 1582 ταῦτα
1055 1539 1203 1595 ,αὐτοῦ
1229 1541 1526 1594 ἐπιβοωμένου,
1558 1541 1632 1582 καί

178 1609 253 1664 τήν
291 1609 488 1651 θεοτόκον
518 1608 698 1662 Μαρίαν
735 1607 1089 1662 ἐπικαλουμένου,
1116 1608 1190 1647 καί
1216 1608 1319 1649 πᾶσι
1347 1612 1630 1661 παρακελευο-

180 1677 321 1730 μένου,
351 1676 423 1715 καί
448 1675 767 1727 δογματιζοντος
792 1672 850 1721 ὥς
873 1671 958 1727 χρὴ
984 1674 1195 1725 τιμᾶσθαι
1213 1672 1284 1714 καί
1302 1675 1631 1727 προσκυνεῖσθαι

182 1743 335 1797 κυρίως
378 1739 572 1783 θεοτόκον
611 1739 687 1795 τὴν
726 1737 1026 1795 ἀειπάρθενον,
1075 1739 1197 1797 δεινῷ
1233 1740 1308 1782 καὶ
1346 1742 1519 1797 χαλεπῷ
1557 1738 1632 1796 τήν

185 1930 263 1964 sine
289 1930 453 1964 tubarum
479 1941 568 1964 sono
596 1929 741 1963 adortus
767 1935 822 1963 est
855 1928 986 1975 quibus
1021 1929 1150 1974 fugatis
1183 1940 1342 1974 magnam
1367 1930 1552 1963 victoriam
1576 1941 1631 1963 re-

184 1977 358 2023 portavit3
398 1978 436 2010 in
480 1978 602 2011 urbem
646 1988 804 2010 reversus
840 1982 993 2010 armatus
1014 1976 1230 2022 triumphum
1268 1979 1350 2022 egit,
1378 1977 1514 2010 bellum
1539 1977 1632 2011 illud

185 2025 324 2058 illustre
350 2024 484 2067 dicens,
510 2024 608 2071 quod
630 2036 735 2058 nemo
758 2023 828 2057 sibi
852 2024 1067 2066 restisisset,
1093 2035 1213 2070 neque
1240 2025 1478 2058 Romanorum
1503 2026 1631 2058 caedes

187 2073 279 2106 facta
305 2077 409 2105 esset.
1265 2095 1270 2101 .

278 2118 527 2158 Telthrichus,
563 2118 796 2162 Bulgarorum
819 2117 904 2158 dux,
939 2123 1119 2163 comperto
1147 2128 1191 2151 ex
1217 2117 1450 2152 familiaribus
1474 2120 1547 2152 suis
1573 2130 1634 2153 re-

188 2176 265 2210 gem
290 2166 438 2200 consilia
477 2167 691 2211 comperisse
726 2165 810 2197 dolo
837 2175 919 2197 usus
944 2165 977 2198 ei
1003 2165 1144 2210 scripsit
1180 2166 1374 2198 “constitui
1402 2166 1572 2210 aufugere
1595 2172 1633 2209 et

188 2213 234 2246 ad
261 2218 294 2246 te
318 2214 452 2254 venire,
476 2219 517 2247 ut
541 2224 605 2258 per
628 2224 684 2246 me
712 2223 852 2245 omnem
872 2212 1069 2256 Bulgariam
1089 2223 1294 2257 expugnes3
1320 2212 1384 2246 sed
1411 2213 1515 2247 fidem
1540 2213 1631 2247 mihi

189 2260 246 2299 «la,
271 2260 364 2294 nihil
388 2272 445 2294 me
472 2261 532 2294 abs
560 2266 596 2293 te
621 2271 818 2305 passurum,
843 2264 880 2292 et
904 2270 994 2304 quos
1019 2259 1075 2292 hic
1101 2260 1231 2294 amicos
1251 2260 1396 2301 habeas,
1421 2266 1460 2294 ut
1488 2272 1551 2306 per
1569 2273 1630 2295 eos

188 2306 337 2340 audeam
363 2307 410 2341 ad
431 2313 468 2342 te
494 2308 652 2342 venire.’'
701 2319 763 2340 rex
786 2307 914 2339 mentis
937 2306 1148 2351 stupiditate
1176 2313 1212 2341 et
1234 2308 1390 2341 amentia
1414 2307 1539 2341 ductus
1563 2307 1629 2342 de-

189 2354 318 2387 latores
336 2354 418 2388 illos
446 2355 669 2400 significavit,
693 2365 782 2400 quos
807 2354 925 2387 statim
951 2353 1015 2386 ille
1044 2365 1081 2387 re
1106 2360 1287 2400 comperta
1312 2355 1516 2399 gravissimo
1543 2366 1628 2402 sup-

188 2402 299 2447 plicio
324 2402 450 2436 affecit.
501 2403 600 2449 quod
628 2413 738 2447 quum
766 2400 1021 2435 Constantinus
1046 2400 1216 2442 audisset,
1242 2401 1390 2435 barbam
1415 2402 1556 2435 evulsit.

281 2450 410 2482 Rursus
434 2456 556 2483 contra
585 2450 752 2493 Bulgaros
779 2448 940 2493 profecto
966 2459 1047 2492 rege
1071 2449 1277 2482 carbunculi
1305 2459 1402 2482 crura
1427 2450 1502 2482 eius
1525 2450 1628 2483 inva-

188 2501 327 2537 serunt3
371 2495 461 2529 febri
495 2503 677 2542 praeterea
713 2495 917 2529 vehementi
943 2500 979 2528 et
1013 2495 1261 2530 ardentissima
1302 2501 1484 2540 correptus
1518 2497 1627 2530 Arca-

189 2542 341 2587 diopoli,
367 2543 403 2575 in
431 2543 556 2577 lectica
583 2555 740 2576 reversus
766 2549 831 2576 est.
882 2542 1115 2586 selymbriam
1144 2555 1252 2589 quum
1278 2544 1432 2576 venisset
1455 2548 1491 2577 et
1516 2555 1629 2590 usque

189 2589 232 2621 ad
259 2589 484 2633 Strongylum
509 2591 695 2624 castellum
737 2591 818 2623 navi
845 2595 963 2622 vectus
988 2602 1116 2635 corpus
1150 2592 1229 2623 eius'
1250 2595 1287 2623 et
1310 2591 1427 2623 anima
1455 2592 1629 2625 exstincta

188 2641 283 2669 sunt.
333 2637 498 2671 clamavit
534 2644 674 2678 autem,
697 2638 815 2671 vivum
841 2647 879 2670 se
913 2638 1129 2682 sempiterno
1156 2638 1228 2682 igni
1252 2637 1418 2671 traditum
1445 2649 1522 2673 esse
1545 2650 1629 2685 pro-

187 2690 269 2729 pter
295 2683 475 2730 deiparam
502 2685 670 2727 Mariam,
694 2685 867 2730 iussitque
894 2684 932 2718 in
968 2690 1148 2731 posterum
1177 2693 1254 2719 eam
1278 2683 1446 2720 honorari
1474 2689 1511 2720 et
1534 2687 1628 2722 cele-
