1806 3158
296 161 357 204 20
669 143 887 216 [moms
925 142 1301 215 GRAMMATIOE]

295 262 354 311 εἰς
380 260 557 315 Χαρρὰν
593 262 665 314 τῆς
696 260 1031 310 Μεσοποταμίας.
1100 260 1284 301 ἐνταῦθα
1317 259 1362 300 δὲ
1390 259 1586 314 Ἀβρααμ
1607 262 1711 303 δέκα

293 329 350 383 τῷ
389 325 513 380 πατρὶ
545 325 614 367 καί
639 328 754 377 πέντε
798 324 1044 377 συνοικήσας
1076 324 1145 378 ἔτη
1188 326 1322 366 έννοεῖ
1361 327 1456 366 ποτὲ
1490 326 1638 375 νυκτὸς
1666 329 1711 368 ὲκ

290 394 361 446 τῆς
388 394 467 434 τῶν
494 388 654 444 ἄστρων
682 386 876 442 κινήσεως
904 391 980 429 τοῦ
997 390 1182 440 ἐπιόντος
1200 390 1345 444 καιροῦ
1370 391 1713 443 κατασκέψασθαι

291 458 365 511 τήν
392 458 563 511 πίοτητα
582 473 592 482 ·
664 451 714 508 ἦν
751 453 828 507 γὰρ
869 454 920 494 οὔ
946 457 1121 508 μετρίως
1158 455 1240 496 ὑπὸ
1271 457 1343 496 τοῦ
1369 452 1520 508 πατρὸς
1545 453 1714 498 ἅπασαν

290 522 364 577 την
390 522 581 574 τοιαύτην
624 519 861 574 ἐξασκηθεὶς
898 519 1133 574 ἐπιστήμην.
1204 521 1277 561 καί
1305 521 1352 575 δη
1383 518 1488 572 μετὰ
1517 519 1593 575 τὴν-
1616 518 1744 568 ἑκά-5

290 604 390 630 στου
420 590 500 629 τῶν
530 587 782 640 ζητουμένων
811 583 1031 639 διάγνωσιν
1054 588 1217 640 συνίησι
1246 584 1438 640 περιττὴν
1463 582 1629 628 ἅπασαν
1649 582 1712 629 εἶ-

289 670 356 696 ναι
385 653 457 706 τήν
485 650 675 703 τοιαύτην
699 651 937 704 περιεργίαν
953 667 964 678 ·
1019 648 1227 692 δύνασθαι
1245 649 1322 704 γὰρ
1350 646 1478 699 αὖθις
1503 650 1573 693 τὸν
1596 648 1711 704 θεόν,

290 721 329 762 εἰ
353 717 551 772 βούλοιτο,
579 715 880 767 μετασκευάσαι
907 716 1010 771 πρὸς
1035 713 1078 758 τὸ
1113 717 1261 758 οἰκεῖον
1287 714 1474 772 βούλημα
1507 714 1556 770 τά
1586 731 1713 771 προε-

289 785 513 837 γνωσμένα.
542 781 667 822 πᾶσιν
696 775 770 822 οὖν
796 782 957 830 τούτοις
981 783 1051 823 καί
1074 787 1159 831 τοῖς
1188 781 1389 832 τοιούτοις
1417 783 1461 834 ἐξ
1487 780 1583 836 ὅλης
1609 783 1711 824 ἀπο-

289 848 511 901 ταξάμενος
552 848 716 900 ψυχῆς,
744 847 814 887 καί
845 849 1005 888 τελείαν
1043 848 1114 901 τῆς
1144 848 1240 900 περὶ
1277 845 1320 888 τὸ
1353 851 1469 888 θεῖον
1497 848 1711 902 εὐσεβείας
1725 858 1769 893 10

291 913 388 963 δούς
415 912 486 967 τὴν
514 911 735 967 α’πόδειξιν,
758 910 898 952 α’κούει
926 911 1039 966 παρὰ
1059 912 1159 952 θεοῦ
1188 911 1356 963 ((ὲξελθε
1385 914 1430 954 ἐκ
1445 914 1606 968 τῆςλγῆς
1633 928 1711 956 σου

289 982 360 1022 καί
389 980 433 1020 ἐκ
461 980 534 1020 τοῦ
562 977 673 1019 οἴκου
701 979 776 1019 τοῦ
805 977 957 1032 πατρός
991 978 1105 1028 σου,”
1141 979 1214 1018 καί
1237 976 1415 1028 ἐξελθών
1442 976 1532 1030 ἅμα
1557 980 1608 1034 τῇ
1634 994 1712 1032 γυ-

289 1046 403 1086 ναικί
427 1043 571 1100 Σάρρα
608 1045 679 1085 καί
706 1043 762 1100 τῷ
792 1040 893 1085 Λώτ
919 1044 974 1100 τῷ
1015 1043 1227 1098 ἀδελφιδῷ
1250 1043 1520 1094 μετοικίζεται
1549 1044 1608 1092 εἰς
1634 1042 1711 1098 την

285 1108 514 1165 Ἀρφαξάδ
548 1109 622 1150 τοῦ
647 1107 800 1162 πατρὸς
835 1109 964 1149 αύτοῦ
994 1110 1157 1163 μερίδα,
1187 1106 1235 1162 ἢν
1263 1107 1300 1149 οἱ
1325 1110 1556 1150 Χαναναῖοι
1583 1121 1710 1151 κατα-

289 1174 454 1229 σχόντες
481 1173 555 1228 τὴν
584 1172 827 1216 Χαναναίαν
851 1171 1062 1223 ἐκάλεσαν,
1092 1169 1150 1214 niv
1178 1174 1280 1215 ἐτῶν
1308 1173 1376 1214 σε’.
1725 1186 1768 1220 15

387 1240 515 1292 Ὁμοῦ
545 1238 679 1281 τοίνυν
698 1239 849 1292 γίνεται
877 1237 946 1292 ἔτη
962 1239 1091 1292 μέχρι
1117 1241 1187 1293 τῆς
1214 1241 1482 1292 παροικεσίας
1506 1237 1713 1294 Ἀβραάμ

289 1304 484 1347 τοσαῦτα.
556 1303 577 1346 ὁ
608 1303 882 1358 διαμερισμὸς
925 1306 998 1358 τῆς
1024 1306 1098 1359 γῆς
1125 1306 1262 1358 γέγονε
1287 1306 1338 1360 τῇ
1365 1304 1476 1360 α’ρχῇ
1504 1306 1584 1346 τῶν
1608 1301 1713 1358 ἦμε-

290 1373 372 1423 ρῶν
401 1373 551 1415 Φαλέκ,
629 1370 709 1410 α’πὸ
740 1371 786 1411 δὲ
816 1371 894 1410 τοῦ
922 1371 1200 1423 διαμερισμοῢ
1215 1371 1286 1422 τῆς
1311 1371 1383 1422 γῆς
1412 1367 1483 1424 ἔτη
1515 1368 1597 1428 pud,
1627 1365 1709 1410 οἷπὸ

247 1464 249 1466 -
290 1439 335 1478 δὲ
362 1439 433 1478 τοῦ
461 1437 751 1487 κατακλυσμοῦ
780 1434 848 1489 ἔτη
874 1436 990 1487 χίλια
1023 1436 1254 1489 δεκαπέντε,
1283 1432 1364 1475 α’τιὸ
1395 1435 1440 1476 δὲ
1467 1431 1614 1487 Ἀδάμ
1642 1432 1713 1490 ἔτη

289 1503 498 1556 τρισχίλιοι
528 1501 718 1542 διακόσια
748 1497 1022 1554 ἑβδομήκοντα
1049 1496 1165 1540 ἑπτά.
1722 1509 1767 1544 20

397 1567 630 1620 Διατρίψας
657 1567 701 1606 δὲ
733 1563 753 1606 ὃ
778 1562 981 1619 Ἀβραάμ
1007 1563 1111 1616 μετὰ
1148 1563 1220 1618 τήν
1247 1562 1388 1615 ἔξοδον
1415 1565 1458 1606 ἐν
1481 1566 1533 1621 τῇ
1556 1566 1608 1621 γῇ
1634 1567 1715 1607 τῶν

292 1635 544 1674 Χαναναίων
583 1631 650 1687 ἔτη
694 1632 938 1673 εἰκοσιπέντε
981 1632 1103 1687 γεννᾷ
1142 1629 1215 1671 τὸν
1244 1629 1396 1673 Ἰσαάκ.
1451 1627 1529 1683 πρὸ
1559 1631 1606 1671 δὲ
1635 1631 1714 1672 τοῦ

290 1696 425 1739 Ἰσαάκ
449 1699 637 1751 γεννᾶται
678 1697 722 1738 ἑκ
756 1698 832 1736 τοῦ
863 1693 1066 1750 Ἀβραάμ
1106 1693 1127 1735 ὅ
1156 1693 1324 1750 Ἰσμαηλ
1350 1693 1432 1736 α’πὸ
1463 1697 1534 1750 τῆς
1553 1690 1714 1750 ’‘Ayap,

293 1863 352 1907 qui
383 1873 490 1908 prope
508 1862 760 1895 Chaldaeorum
788 1861 907 1894 urbem
932 1860 1126 1901 habitabat,
1150 1864 1285 1893 mutato
1307 1859 1485 1892 domicilio
1513 1869 1633 1891 omnes
1655 1859 1712 1891 sa-

292 1910 443 1942 miliares
477 1908 650 1948 Chai-ran,
678 1908 953 1953 Mesopotamiae
989 1907 1107 1940 urbem
1138 1906 1305 1940 traduxit.
1352 1906 1403 1938 ibi
1429 1917 1536 1950 quum
1561 1905 1711 1938 Abraam

296 1956 337 1988 15
360 1967 469 1988 annos
493 1955 587 2001 apud
619 1960 752 2000 patrem
793 1954 966 1998 degisset,
993 1959 1097 1987 nocte
1137 1952 1310 1999 quondam
1339 1963 1382 1985 ex
1407 1952 1588 1986 stellarum
1610 1957 1710 1984 motu

293 2002 401 2035 futuri
425 2003 592 2047 temporis
618 2001 813 2034 ubertatem
837 2001 1014 2045 inquirere
1040 2000 1171 2042 voluitt,
1200 2005 1274 2032 erat
1301 1999 1393 2031 enim
1423 2009 1494 2031 non
1519 1997 1709 2031 mediocri·-

293 2053 348 2080 ter
363 2060 381 2079 a
399 2054 496 2092 patre
515 2059 651 2081 omnem
670 2059 743 2080 eam
767 2047 958 2080 doctrinam
976 2046 1131 2081 edoctus.
1156 2052 1228 2079 tum
1245 2051 1429 2091 postquam
1449 2044 1598 2087 singula,
1616 2055 1709 2089 quae

293 2095 461 2134 voluerat,
487 2095 661 2138 cognovit,
686 2094 864 2127 intellexit
895 2104 1032 2126 omnem
1056 2104 1130 2126 eam
1156 2104 1270 2125 curam
1296 2092 1456 2124 inutilem
1487 2099 1580 2133 esse3
1603 2101 1708 2135 posse

295 2141 386 2172 enim
412 2142 527 2174 statim
548 2141 664 2181 deum,
687 2142 715 2173 si
743 2140 860 2178 vellet,
887 2146 1022 2172 mutare
1047 2139 1092 2172 ad
1117 2151 1213 2172 suam
1237 2139 1464 2174 voluntatem,
1487 2147 1578 2182 quae
1603 2148 1708 2181 prae-

248 2218 250 2220 .
291 2188 365 2220 visa
394 2188 550 2221 fuissent.
608 2188 662 2220 his
689 2187 794 2231 igitur
828 2186 929 2219 rebus
954 2186 1114 2219 omnibus
1138 2191 1173 2218 et
1211 2184 1383 2217 similibus
1409 2189 1484 2216 toto
1510 2183 1625 2216 animo
1650 2194 1707 2216 re-

293 2235 460 2266 nuncians
486 2240 522 2267 et
545 2235 721 2278 perfectae
743 2234 780 2265 in
800 2232 903 2265 deum
920 2233 1062 2278 pietatis
1087 2231 1284 2275 exemplum
1307 2230 1476 2263 exhibens
1500 2240 1619 2262 vocem
1648 2229 1706 2262 dei

293 2280 448 2312 audivit:
476 2282 554 2313 “exi
598 2293 615 2313 e
655 2285 744 2314 terra
771 2285 831 2311 tua
875 2285 910 2312 et
945 2290 964 2312 e
997 2279 1100 2311 domo
1134 2278 1240 2322 patris
1278 2277 1350 2310 tui’'
1384 2282 1421 2310 et
1447 2287 1602 2319 egressus
1628 2287 1706 2309 cum

292 2327 376 2359 Sara
401 2338 508 2359 uxore
533 2333 568 2360 et
595 2328 672 2367 Lot,
695 2326 809 2359 fratris
835 2325 926 2366 filio,
953 2325 1113 2368 migravit
1138 2326 1173 2357 iu
1199 2322 1383 2368 Arphaxad
1411 2323 1500 2367 patri
1527 2333 1591 2355 suo
1618 2323 1706 2355 assi-

293 2379 430 2415 gnatam
455 2379 598 2417 partem,
622 2384 723 2418 quam
751 2371 949 2405 chananaei
973 2371 1142 2405 tenebant
1174 2376 1211 2404 et
1237 2369 1442 2403 Chananian
1466 2369 1708 2410 nominabant,

292 2431 402 2452 annos
426 2426 527 2452 natus
553 2420 605 2453 70.

386 2467 466 2498 Erat
490 2467 594 2508 igitur
617 2476 786 2497 annorum
813 2475 922 2508 usque
947 2463 991 2495 ad
1009 2462 1247 2505 migrationem
1272 2461 1422 2495 Abraam
1448 2472 1610 2493 numerus
1631 2460 1706 2494 hic:

293 2516 405 2544 terrae
434 2513 575 2556 partitio
602 2512 690 2544 facta
719 2517 793 2543 erat
815 2511 918 2543 initio
941 2511 1034 2542 vitae
1050 2507 1202 2550 Phalek3
1226 2507 1269 2539 ab
1291 2508 1357 2540 hac
1379 2513 1493 2540 terrae
1516 2508 1706 2552 partitione

292 2559 372 2590 anni
401 2564 500 2591 erant
527 2558 628 2599 1006;
656 2569 675 2589 a
698 2556 831 2589 diluvio
857 2556 939 2588 anni
970 2555 1074 2596 1015;
1099 2554 1142 2586 ab
1162 2555 1291 2586 Adamo
1318 2555 1400 2586 anni
1427 2553 1529 2587 3277.

385 2605 529 2637 Abraam
554 2606 672 2636 relicta
695 2603 808 2648 patria
833 2613 940 2647 quum
964 2602 998 2634 in
1027 2601 1310 2633 Chananaeorum
1335 2605 1423 2632 terra
1449 2600 1493 2632 25
1516 2610 1625 2634 annos
1648 2601 1704 2633 vi-

291 2649 411 2689 xisset,
438 2653 558 2692 genuit
585 2652 688 2683 isaac.
734 2647 796 2681 sed
821 2654 903 2682 ante
925 2649 1019 2680 Isaac
1043 2651 1210 2690 genuerat
1227 2646 1372 2679 Abraam
1401 2657 1442 2678 ex
1466 2647 1557 2690 Agar
1579 2647 1706 2680 Ismael

291 2706 310 2727 a
338 2706 407 2739 quo
432 2697 682 2729 ismaelitarum
715 2706 798 2740 gens
825 2699 900 2729 orta
924 2699 978 2728 est
1001 2698 1038 2727 et
1058 2693 1205 2736 Agat-eni
1242 2692 1300 2738 qui
1328 2693 1432 2726 etiam
1457 2693 1620 2727 Saraceni
1646 2693 1702 2726 ‹li-
