1838 3132
266 129 339 169 1)ss
362 129 768 181 THESSALONJCA
792 133 829 173 A
855 133 1063 176 LA'nNis
1090 135 1283 179 cmm.-
1397 130 1493 181 403

53 226 120 278 τὸς
147 228 445 281 παροιμιωδῶς
474 227 600 271 εἰπών
629 228 687 278 αἱς
714 227 822 286 αὕτη
849 234 926 284 μὲν
955 233 980 288 ἦ
1007 234 1213 290 μήρινθος
1242 234 1344 291 ἡμῖν
1373 238 1495 281 οὐδὲν

50 292 223 346 ἔσπασε,
253 293 325 334 καί
352 292 425 335 τόν
452 294 653 348 ἅκκισμὸν
684 298 760 339 τοῦ
790 298 950 341 ἐθέλειν
980 301 1180 344 ἀπελθεῖν
1202 301 1498 357 γνωματεύσας

50 359 126 402 οὐκ
163 358 328 413 ‹lya-9621
357 356 486 415 εἶναι,
518 354 586 403 οἷα
616 362 689 403 τοῦ
728 367 1028 418 σχηματισμοῦ
1065 370 1139 409 καί
1165 370 1243 410 τοῦ
1260 384 1261 387 ’
1267 368 1496 424 χρώματος

49 425 350 476 α’ναποιοῦντος
373 423 478 480 ἅπερ
509 426 617 468 κατὰ
645 430 717 483 τῆς
734 432 949 481 βασιλείας
965 429 1264 490 ἐβουλεύσατο,
1286 435 1359 477 καὶ
1389 436 1495 478 α’πο-

13 494 263 541 ὀτελοῦντος
290 492 419 535 αὐτὸν
457 491 553 534 α’ντί
580 489 784 548 ἄρχοντος
819 491 1033 553 ὕπαρχον,
1066 496 1213 556 ἑτέρας
1239 503 1395 555 γίνεται
1425 518 1495 546 σο-

48 559 242 613 φωτέρας
270 562 520 613 περιεργίας.
578 558 606 614 ἦ
636 561 684 601 δὲ
725 555 776 614 ἦν
801 565 949 618 μηκέτι
978 564 1145 617 α’μέσως
1171 567 1271 618 τούς
1302 564 1496 623 ὄχλικους

47 625 120 665 καὶ
145 624 373 678 ξύγκλυδας
412 628 472 674 εἰς
499 624 667 679 ὅμιλιάν
700 628 845 678 α’ξιοῦν
888 627 1004 683 ἥκειν
1035 633 1161 690 αὐτῷ’,
1189 634 1294 677 α’λλά
1326 636 1424 686 τοὺς
1451 637 1497 679 ἐν

46 689 191 739 αὐτοῖς
230 693 492 746 προύχοντας
528 696 600 735 καί
640 696 752 745 οἵους
781 694 896 750 ἔχειν
937 695 1153 752 περιάγειν
1177 700 1275 751 τούς
1303 704 1496 752 πλείονας

47 759 119 798 καί
144 761 425 813 κεφαλαρχεῖν
454 759 510 808 ὥς
538 761 583 802 ἐν
615 761 777 815 ου’ραῖς.
845 761 1058 817 ἀλιτήριοι
1086 760 1302 821 ἄνθρωποι
1332 769 1495 822 ἐκεῖνοι,

0 832 34 867 [0
48 826 423 881 φιλοστασιασταί,
450 824 674 880 ὄχλοκόποι
690 861 702 881 ,
730 831 918 883 βασιλεῖς
958 825 1045 872 οἷον
1074 832 1242 881 ἕκαστος
1271 834 1370 888 περὶ
1394 834 1495 884 τους

46 888 256 944 ὅμοήθεις.
331 896 534 946 φιλοῦμεν
573 893 652 950 γὰρ
694 893 733 936 οἱ
778 894 1058 952 ἐλαφρότεροι
1106 899 1287 950 εὐκόλως
1315 902 1494 945 ἕπεσθαι

44 954 260 998 κελεύουσι
299 964 384 1007 τοῖς
414 959 517 1014 πρὸς
555 958 585 1001 ἃ
612 960 857 1017 πεφύκαμεν
887 963 1113 1019 ὁδηγοῦσι·
1169 967 1417 1021 πεφύκαμεν
1446 970 1493 1011 δὲ

45 1021 83 1064 οἱ
109 1027 256 1066 πολλοὶ
283 1023 385 1079 πρὸς
413 1024 457 1067 τὸ
489 1027 745 1083 φιλόκαινον,
775 1029 1036 1085 ἐπιθυμηταί
1059 1026 1176 1081 ὄντες
1201 1037 1357 1076 καινῶν
1385 1038 1491 1087 ξυμ-

41 1088 265 1145 staminum
306 1091 380 1133 καί
405 1092 477 1134 τὸν
504 1093 658 1148 χρόνον
687 1091 956 1146 ἀπαιτοῦντες
983 1098 1231 1151 ἑγκαινίζειν
1259 1100 1359 1156 ἡμῖν
1389 1096 1490 1144 ἄλλο

0 1166 29 1200 ,5
43 1170 88 1217 τε
119 1150 228 1197 ἄλλα
255 1158 479 1209 ξενίζοντα.

154 1223 206 1264 Οἱ
232 1221 372 1264 τοίνυν
410 1226 495 1266 τῶν
528 1227 605 1266 τοῦ
644 1225 777 1280 δήμου
807 1226 858 1269 τὰ
892 1230 1039 1281 πρῶτα
1067 1231 1265 1285 φέροντες
1293 1233 1367 1274 καί
1392 1229 1487 1275 ἆνε-

35 1289 189 1342 γείρειν
230 1287 331 1337 τους
370 1289 540 1338 λοιποὺς
581 1289 768 1347 ἔχοντες,
812 1297 1248 1348 προβληματισθέντες
1289 1293 1375 1340 οἷον
1401 1300 1484 1341 ὑπο

36 1356 112 1395 τοῦ
141 1353 402 1410 Ἀνδρονίκου
429 1355 473 1398 τό
501 1360 725 1413 βουλητέον
744 1358 897 1417 ἐκείνῳ,
932 1358 1019 1402 εἶτα
1037 1360 1189 1411 τόπους
1218 1365 1345 1406 αὐτοὶ
1372 1364 1486 1416 ἐξεύ-

37 1437 179 1475 ρισκον
206 1421 307 1463 κατα
340 1420 438 1472 τοὺς
465 1424 626 1473 δεινούς
656 1427 830 1467 τοιαῦτα
858 1427 1126 1482 σοφίζεσθαι,
1153 1431 1208 1470 δι’
1240 1424 1299 1471 ὧν
1326 1433 1486 1484 ἑπιχει-

0 1483 238 1541 ορήσαντες
277 1492 590 1543 συμπερανοῦσι
634 1489 678 1532 τὸ
709 1489 875 1533 ἔκτοπον
919 1493 991 1534 καί
1011 1492 1223 1550 (ὀκνητέον
1255 1497 1300 1537 δὲ
1332 1498 1482 1552 εἰπεῖν)

37 1556 110 1594 καί
139 1549 318 1596 ἄτοπον·
384 1555 458 1597 καί
490 1561 873 1611 μυστηριασθὲντες
912 1559 956 1601 τὸ
1000 1559 1061 1615 μή
1110 1557 1223 1604 ὅσιον
1273 1564 1483 1604 ἐτελοῦντο

36 1619 140 1675 πρὸς
169 1622 320 1678 ἐκεῖνο,
368 1622 441 1664 καί
478 1621 739 1681 ἐδᾳδουχουν
774 1626 834 1674 εἰς
876 1627 1059 1682 ἐμφανὲς
1089 1626 1140 1670 τὰ
1172 1627 1340 1678 σκότους
1370 1623 1481 1682 ἄξια,

33 1690 107 1731 καί
135 1690 432 1739 α’ναπείσαντες
460 1690 559 1741 τους
597 1685 749 1745 ὄχλους
774 1691 833 1747 μη
871 1689 924 1734 όὲν
952 1695 1149 1749 ἐκφυγεῖν
1177 1693 1255 1749 τήν
1281 1695 1402 1737 πόλιν
1432 1693 1478 1737 τὸ

30 1903 230 1935 affectatam
258 1900 430 1934 redeundi
458 1901 691 1947 cupiditatem
723 1903 818 1936 haud
844 1905 968 1938 utilem
994 1916 1072 1940 esse
1100 1907 1351 1948 intellexisset,
1380 1918 1474 1951 quo-

30 1949 124 1982 niam
152 1953 244 1982 artes
277 1950 362 1981 illae
398 1949 572 1995 sucusque
604 1950 672 1996 ipsi
709 1951 923 1992 afferebant,
957 1953 1055 1997 quod
1088 1954 1256 1987 adversus
1286 1954 1475 1998 imperium

29 1995 267 2036 moliebatur,
291 1996 546 2041 faciebantque
586 2007 666 2030 eum
694 2010 758 2042 pro
783 1999 997 2043 imperatore
1022 2001 1235 2041 ministrum,
1261 2001 1360 2032 aliud
1389 2013 1474 2046 pru-

26 2043 170 2076 dentius
195 2043 382 2076 artificium
415 2043 622 2077 meditatur.
683 2051 758 2078 erat
782 2045 829 2085 id,
849 2052 889 2079 ut
916 2047 984 2079 iam
1009 2058 1082 2080 non
1107 2048 1205 2092 ipsos
1231 2049 1401 2080 continuo
1427 2049 1472 2082 de

27 2091 134 2135 plebe
158 2096 195 2124 et
219 2091 359 2124 sentina
381 2090 545 2124 homines
572 2092 609 2125 in
635 2093 931 2126 consuetudinem
956 2105 1054 2126 suam
1067 2094 1284 2135 admitteret,
1307 2094 1370 2127 sed
1397 2095 1473 2140 pri-

27 2149 140 2171 mores
165 2149 287 2171 eorum
316 2143 353 2171 et
377 2140 439 2183 qui
455 2139 612 2183 reliquos
640 2143 808 2185 tanquam
836 2140 986 2184 agminis
1021 2142 1170 2174 extremi
1196 2142 1328 2175 milites
1349 2153 1470 2186 regere

26 2191 62 2218 et
86 2185 216 2218 ducere
254 2191 410 2230 possent.
458 2196 614 2231 nequam
651 2186 706 2219 illi
730 2187 892 2220 homines
919 2193 1041 2228 erant,
1065 2189 1238 2229 seditiosi,
1263 2199 1370 2221 aurae
1402 2201 1470 2233 po·-

16 2233 159 2278 pularis
195 2237 421 2276 captatores,
460 2233 563 2278 quasi
592 2244 700 2277 ,reges
726 2235 878 2279 quisque
912 2235 1006 2267 inter
1033 2235 1192 2269 eiusdem
1218 2237 1356 2268 farinae
1380 2237 1467 2268 reli·

25 2292 127 2326 quos.
176 2279 330 2312 solemus
348 2280 440 2312 enim
465 2281 616 2313 leviores
643 2282 749 2314 facile
774 2283 876 2326 sequi
894 2281 1078 2315 hortantes
1104 2294 1174 2323 eos,
1200 2284 1262 2328 qui
1292 2288 1467 2327 praeeunt

25 2326 67 2359 ad
94 2338 147 2366 ea,
176 2326 222 2358 ad
246 2337 338 2372 quae
364 2327 576 2360 inclinamus
600 2333 751 2372 natus-:13
774 2329 988 2362 inclinamus
1003 2335 1121 2363 autem
1143 2330 1311 2376 plerique
1336 2329 1380 2362 ad
1408 2341 1465 2362 re·

25 2385 99 2406 rum
133 2384 304 2407 novarum
340 2373 517 2415 studium,
541 2375 749 2420 cupientes,
771 2382 810 2409 ut
837 2375 926 2421 quid
951 2377 1037 2411 novi
1060 2377 1143 2419 fiat,
1168 2382 1464 2422 expetentesque,

25 2426 63 2454 ut
88 2421 158 2454 alia
184 2420 256 2454 alio
284 2425 442 2466 tempore
467 2421 542 2455 dies
567 2422 670 2455 ferat.
698 2444 702 2454 1

114 2467 232 2501 Plebis
258 2468 430 2512 primores
455 2469 563 2513 igitur
589 2475 626 2502 et
652 2469 692 2510 ii,
718 2470 780 2515 qui
809 2468 967 2514 reliquos
990 2469 1145 2502 excitare
1171 2476 1329 2515 possent,
1357 2479 1463 2513 agere

22 2515 192 2559 aggressi,
217 2514 315 2560 quod
338 2515 540 2549 Andronico
577 2517 753 2561 placeret,
789 2516 860 2549 vias
889 2514 1018 2549 deinde
1054 2517 1160 2550 facile
1196 2518 1264 2561 ipsi
1302 2517 1463 2549 invenie·

22 2561 125 2603 bant,
150 2561 281 2607 quibus
308 2561 449 2606 plebem
476 2562 519 2596 ad
552 2574 594 2596 ea
619 2564 841 2609 pellicerent,
866 2562 996 2608 quibus
1022 2565 1238 2608 perficerent
1262 2574 1332 2596 rem
1359 2564 1462 2596 inau-

21 2608 129 2642 ditam
153 2607 266 2643 eheu!
294 2614 331 2642 et
357 2609 618 2643 incredibilem.
645 2610 763 2644 edocti
785 2611 893 2654 igitur
919 2608 1016 2655 quod
1040 2611 1141 2644 nefas
1167 2615 1279 2650 esset,
1303 2610 1462 2643 initiati-

20 2666 91 2700 que
122 2657 198 2690 istis
230 2657 428 2699 mysteriis»,
453 2656 590 2690 facibus
629 2656 882 2698 illustrabant,
917 2657 1014 2702 quod
1051 2658 1209 2691 tenebris
1235 2656 1460 2691 obruendum

20 2707 113 2746 erat,
146 2715 187 2737 ac
214 2702 420 2738 dictitantes
445 2714 559 2737 coram
587 2704 752 2749 plebeiis,
790 2715 864 2738 non
888 2714 992 2750 posse
1022 2705 1145 2738 urbem
1174 2705 1307 2739 evitare
1333 2705 1460 2738 interi·
