1838 3132
598 129 1092 174 CHRONOGRAPHIA.
1471 131 1492 172 1
1502 127 1564 174 29

109 230 249 270 λοιποὶ
273 230 678 287 έσωφρονισθησαν·
731 231 1006 284 (ίόλολύζεται
1034 231 1138 288 γὰρ”
1174 247 1280 290 φησι
1310 229 1470 287 “πι’τυς,
1500 229 1568 274 ὅτι

110 297 295 336 πέπτωκε
325 296 513 350 κέδρος.”

210 356 385 416 Ἔστησε
426 364 474 405 δὲ
502 365 574 405 καί
611 362 685 406 τόν
716 364 834 405 κίονα
867 362 944 405 τὸν
974 363 1264 418 ἐπιλεγόμενον
1288 363 1568 421 Αὕγουστέα,

110 426 270 476 ἐπιθείς
308 427 528 470 έπάνωθεν
568 426 755 484 ἔφιππον
781 427 856 484 τήν
887 430 1025 471 αὑτοῦ
1054 430 1222 486 στήλην,
1250 431 1490 485 κρατοῦσαν
1517 431 1572 487 τῇ

108 493 189 544 μὲν
224 492 427 551 α’ριστερᾷ
465 496 584 548 χειρί
623 496 756 549 μῆλον
798 497 1070 550 σφαιροειδὲς
1112 495 1170 544 ὥς
1198 496 1273 550 τῆς
1301 497 1375 551 γῆς
1405 494 1572 552 ἁπάσης

75 557 246 600 5αὕτοῦ
291 560 610 614 κυριεύσαντος,
655 560 731 615 τὴν
769 561 815 602 δὲ
852 560 991 611 δεξιὰν
1032 561 1344 617 ἀνατεταμένην
1369 559 1569 616 ἔχουσαν,

108 627 183 667 καί
223 623 351 667 οἱονεὶ
391 623 499 678 πρὸς
536 627 714 681 Πέρσας
755 624 1049 681 έμφαίνουσαν
1102 629 1177 669 καί
1221 629 1573 684 διακελευομένην

109 691 271 745 “στῆτε,
301 691 377 733 καί
402 693 475 745 τῆς
498 690 723 745 Ῥωμαίων
754 694 828 746 γῆς
854 690 914 747 μή
947 693 1160 748 ἑπιβῆτε.”

215 757 460 799 Ἀπέστειλε
502 759 549 799 δὲ
590 759 664 800 καί
689 757 947 812 Βελισάριον
988 758 1218 814 στρατηγὸν
1244 759 1349 813 μετὰ
1382 760 1572 815 πλήθους

107 821 405 878 α’ναριθμήτου
449 826 522 865 καί
546 825 703 866 πλοίων
734 825 808 866 καί
844 826 1016 878 χρυσοῦ
1043 829 1203 867 πολλοῦ
1228 829 1572 881 καταπολεμῆσαι

52 892 94 926 10
110 884 382 943 Οὖανδήλους
403 893 475 932 καί
502 889 708 946 Ἀφρικὴν
728 891 1011 946 έκπορθῆσαι·
1069 889 1115 940 ὃς
1144 891 1336 950 ἀγχινοίᾳ
1362 895 1437 935 καί
1465 908 1572 948 φρο-

103 954 221 1011 νήσει
250 953 385 997 πάντα
417 954 663 1011 ληϊσάμενος
702 955 775 998 καί
803 959 843 998 Γ
842 957 1045 1012 ελήμερον
1085 959 1267 1013 ἐγκρατῆ
1294 957 1571 1014 ποιησάμενος

103 1020 310 1076 α’νήγαγεν
353 1025 398 1064 έν
426 1024 477 1076 τῇ
514 1021 626 1064 πόλει
656 1022 760 1076 μετὰ
805 1023 991 1065 πλούτου
1021 1027 1177 1066 πολλοῦ
1208 1024 1281 1066 καί
1309 1022 1571 1079 ἐθριάμβευ-

102 1103 176 1129 σεν
205 1089 251 1130 ἐν
287 1089 343 1146 τῷ
389 1086 557 1146 ἱππικῷ,
597 1086 804 1132 ὑπατείαν
844 1088 1023 1144 ποιήσας
1053 1091 1098 1132 ἐν
1131 1091 1181 1147 τῇ
1210 1089 1357 1132 πόλει·
1418 1090 1493 1132 τὸν
1522 1092 1571 1132 δὲ

97 1152 396 1197 ’[ουστινιανόν
434 1153 713 1208 ἀμειβόμενον
750 1155 881 1198 αὐτὸν
918 1159 994 1210 τῆς
1031 1154 1230 1212 τοιαύτης
1273 1159 1469 1213 μεγίστης
1499 1157 1573 1199 καί

48 1227 91 1261 15
105 1221 347 1274 παραδόξου
368 1221 569 1276 πράξεως,
599 1223 644 1264 έν
671 1224 751 1275 μὲν
772 1224 830 1279 τῷ
857 1219 921 1264 ἔνι’
943 1226 1065 1278 μέρει
1086 1225 1162 1266 τοῦ
1188 1226 1445 1276 νομίσματος
1464 1220 1570 1265 ἑαυ-

101 1284 174 1328 τὸν
200 1284 451 1340 ἐγχαράξας,
485 1288 531 1329 ἐν
560 1289 606 1329 δὲ
635 1290 691 1345 τῷ
719 1285 848 1347 ἑτέρῳ
878 1290 1135 1344 Βελισοὶριον
1164 1288 1348 1342 ἔνοπλον,
1376 1291 1450 1332 καί
1476 1282 1569 1331 έπε-

102 1349 276 1406 γράψας
302 1355 582 1406 ’ίΒελισάριος
608 1354 630 1408 ἧ
664 1353 763 1405 δόξα
793 1356 875 1395 τῶν
899 1352 1159 1408 Ῥωμαι’ων.”
1185 1357 1275 1397 ἀλλ’
1305 1352 1376 1398 οἷα
1405 1354 1428 1396 ὅ
1460 1356 1568 1412 φθό-

102 1433 171 1466 νος
201 1419 246 1459 ἐν
270 1417 438 1475 μεγάλῃ
478 1415 728 1478 εὐδαιμονίᾳ
757 1415 845 1462 οἶδε
875 1426 1021 1475 ποιεῖν,
1049 1417 1174 1463 efflare
1198 1423 1270 1463 καί
1295 1421 1355 1472 εἷς
1381 1421 1567 1465 Βελιστί-

104 1497 219 1538 ριον·
278 1485 525 1539 διαβληθείς
554 1485 635 1541 γὰρ
666 1487 840 1541 μετέστη
861 1487 935 1541 τῆς
961 1486 1100 1542 ἀρχῆς
1129 1486 1203 1529 καί
1226 1489 1301 1543 τῆς
1330 1485 1466 1543 δόξης,
1496 1491 1571 1531 καί

43 1548 303 1603 ΩΟΣολομών
340 1551 427 1592 ἄντ’
472 1552 606 1594 αὐτοῦ
628 1551 874 1607 ’στρατηγός
913 1554 1139 1610 ἐπέμφθη,
1180 1552 1227 1602 ὃς
1267 1553 1320 1595 τιὶ
1361 1557 1568 1609 κτηθέντα

99 1618 339 1675 Βελισαρίῳ
382 1616 658 1673 φυλάξασθαι
701 1617 762 1672 μὴ
793 1618 989 1673 δυνηθείς
1018 1625 1105 1670 τοῖς
1137 1619 1398 1675 Οὖανδηλοις
1428 1619 1567 1662 πάντα

99 1681 413 1738 παρεχώρησεν.

192 1765 228 1848 Ξ·
255 1759 340 1823 οἷον
367 1768 420 1805 εἰς
443 1765 471 1800 C
548 1765 602 1800 14.
628 1762 695 1804 τὸν
720 1767 775 1814 δὲ]
806 1766 900 1804 ὥστε
917 1767 1113 1810 Cedrenus,
1138 1774 1174 1803 et
1190 1780 1274 1803 mox
1295 1767 1502 1816 ἐγχαράξαι
1518 1788 1563 1796 --

212 1820 415 1863 πιγραψαι.

100 1881 197 1915 ducti
222 1881 308 1915 nudi
335 1883 463 1916 misere
490 1884 668 1918 obierunt.
694 1895 822 1929 magno
848 1886 976 1920 timore
1001 1886 1159 1931 percussi
1189 1886 1299 1919 ceteri
1317 1886 1437 1920 edocti
1464 1892 1559 1920 sunt.

99 1929 225 1973 “luget
252 1930 381 1971 enim‚”
408 1937 449 1964 ut
474 1930 612 1973 dicunt,
636 1932 786 1977 “pinus,
813 1932 911 1978 quod
937 1932 1069 1967 cecidit
1092 1933 1251 1967 cedrus.”

192 1977 313 2010 Posuit
337 1989 482 2024 quoque
509 1979 713 2012 columnam
744 1980 963 2024 Angusteam
992 1980 1134 2021 dictam,
1160 1992 1223 2013 sua
1248 1980 1373 2026 ipsius,
1401 1981 1561 2026 equestri

98 2027 214 2056 statua
243 2025 423 2069 imposita,
451 2026 501 2058 ita
527 2032 566 2060 ut
589 2026 733 2060 sinistra
768 2039 874 2060 manu
900 2040 1046 2073 pomum
1074 2028 1264 2073 globosum
1291 2033 1444 2069 teneret,
1473 2028 1559 2073 quia

99 2082 237 2103 omnem
265 2077 391 2105 terram
435 2073 616 2107 subactam
642 2073 806 2115 haberet,
831 2074 990 2108 dextram
1026 2082 1143 2108 autem
1170 2076 1369 2121 porrigeret
1393 2079 1430 2108 et
1455 2075 1562 2120 quasi-

99 2117 268 2151 adversus
290 2119 411 2152 Persas
441 2120 651 2155 ostenderet
677 2126 714 2155 et
736 2121 894 2156 iuberet:
923 2123 1137 2156 “consistite
1160 2134 1251 2156 neve
1269 2121 1396 2168 pedem
1423 2117 1557 2155 inserte

99 2166 137 2197 in
165 2171 294 2198 terram
321 2168 596 2201 Romanorum.''

192 2212 289 2246 Misit
329 2225 475 2261 quoque
514 2215 723 2250 Belisarium
764 2215 890 2250 ducem
919 2227 999 2249 cum
1030 2215 1286 2250 innumerabili
1320 2214 1556 2249 multitudine

98 2260 240 2292 navium
270 2266 306 2294 et
330 2263 468 2306 magnis
497 2263 638 2308 opibus,
671 2264 734 2310 qui
766 2263 940 2297 Vandalis
974 2263 1111 2297 bellum
1146 2263 1298 2296 inferret
1333 2269 1370 2296 et
1402 2263 1556 2296 Africam

96 2311 260 2341 vastaret.
308 2307 338 2341 is
375 2310 521 2354 ingenio
561 2316 598 2343 et
635 2311 826 2357 prudentia
872 2311 992 2344 omnia
1032 2312 1248 2356 expugnavit
1274 2316 1310 2343 et
1334 2310 1554 2344 Gelimerum

96 2360 239 2398 captum
268 2365 346 2387 curn
372 2357 495 2390 multis
532 2356 668 2391 divitiis
695 2359 734 2392 in
758 2358 883 2392 urbem
920 2357 1036 2399 duxit,
1061 2359 1140 2404 ipse
1165 2358 1202 2391 in
1228 2358 1322 2391 circo
1349 2356 1553 2402 triumpha-

95 2401 159 2441 vit,
188 2407 224 2434 et
247 2404 432 2446 pecuniam
460 2405 498 2438 in
524 2404 610 2438 urbe
637 2405 815 2451 disparsit.
877 2406 1100 2439 Iustinianus
1127 2405 1278 2450 gratiam
1307 2404 1459 2438 reddens
1484 2414 1550 2448 pro

97 2459 138 2480 ea
177 2459 213 2480 re
246 2450 397 2483 maxima
436 2457 471 2485 et
496 2452 684 2497 inopinata
717 2454 753 2487 in
786 2454 899 2487 altera
935 2453 1070 2486 nummi
1106 2457 1208 2497 parte
1235 2463 1332 2485 suam
1361 2451 1554 2494 imaginem

96 2496 291 2540 procussit,
316 2497 353 2530 in
379 2498 490 2531 altera
517 2499 729 2534 Belisarium
762 2505 952 2539 armatum,
977 2499 1101 2533 addita
1127 2500 1363 2544 inscriptione
1386 2498 1552 2531 “Belisa-

98 2543 181 2584 rius,
205 2543 319 2587 gloria
343 2545 617 2579 Romanorum.’'
664 2547 727 2581 sed
751 2559 845 2594 quae
862 2546 997 2582 invidia
1021 2548 1059 2581 in
1078 2557 1206 2591 magna
1231 2547 1406 2579 felicitate
1435 2544 1552 2578 facere

96 2590 201 2629 solet,
227 2601 268 2622 ea
294 2591 401 2624 etiam
428 2598 550 2626 contra
575 2595 783 2628 Belisarium
812 2595 940 2629 molita
964 2599 1030 2628 est.
1080 2594 1180 2628 falsis
1206 2593 1301 2627 enim
1328 2591 1552 2625 criminatio-

94 2637 203 2670 nibus
228 2637 379 2683 imperio
410 2644 447 2673 et
470 2639 607 2675 honore
631 2642 824 2677 destitutus
863 2647 930 2684 est,
953 2642 1128 2675 Solonion
1153 2641 1231 2675 eius
1256 2640 1336 2673 loco
1365 2638 1437 2672 dux
1465 2638 1553 2672 mis-

95 2695 175 2724 sus,
200 2686 288 2730 qui,
342 2696 424 2718 uum
470 2697 510 2719 ea
549 2700 640 2734 quae
665 2690 856 2724 Belisarius
892 2693 1038 2736 ceperat
1073 2699 1149 2723 non
1180 2692 1303 2733 posset
1342 2684 1550 2727 defendere,

94 2732 214 2764 omnia
239 2731 316 2765 Van
345 2732 410 2766 alis
434 2733 550 2767 cessit.

169 2795 240 2829 Leo
268 2797 548 2832 Grammaticus.
1269 2795 1291 2827 9
