1838 3132
623 124 1109 166 CHRONOGRAPIIIA.
1488 117 1582 162 217

145 231 270 272 Λέων
299 226 322 269 ὅ
350 225 550 282 βασιλεῦς
579 227 835 267 ‹insisto-52<
861 228 936 268 τοῦ
966 225 1128 280 τάφου·
1185 225 1405 277 Θεόδωρον
1434 223 1479 263 δὲ
1508 223 1584 274 (ἰρ-

141 297 411 348 χιεπίσκοηον
437 291 507 335 τὸν
549 291 765 345 λεγόμενον
797 293 999 343 Κρίθινον
1024 294 1069 332 ὲν
1096 293 1152 348 τῷ
1181 290 1311 347 καιρῷ
1338 289 1409 343 τῆς
1439 291 1582 340 διαβο-

140 361 215 414 λῆς
242 361 424 410 Ἀλεξίου
455 361 499 401 έν
526 359 576 414 τῇ
605 357 723 398 πόλει
752 351 848 398 ὄντα
888 355 1283 409 προσκαλεσάμενος,
1313 354 1385 398 καί
1411 352 1510 404 ὁόὐς
1538 351 1582 395 τὸ

139 426 248 469 ἴδιον
276 427 509 482 φυλακτόν,
538 426 775 466 α’πέστειλεν
809 423 869 470 εἰς
908 426 1099 464 Σικελίαν
1145 425 1289 465 δοῦναι
1329 420 1448 476 λόγον
1477 421 1585 462 ἀπα-

107 494 259 540 δθείας
283 491 452 549 Ἀλεξίῳ
498 488 570 531 καί
607 490 776 542 α’γαγεῖν
814 486 918 542 πρὸς
958 487 1098 530 αὐτόν·
1166 489 1240 530 καί
1278 490 1330 544 τῇ
1375 486 1584 543 προσαύσῃ

140 559 257 614 αὐτῷ
285 560 448 600 συνέσει
475 558 620 604 πείσας
649 556 831 606 Ἀλέξων
859 550 1009 609 ἤγαγεν
1048 554 1152 610 πρὸς
1177 554 1249 597 τὸν
1277 555 1481 607 βασιλέα·
1537 552 1585 595 ὃν

145 621 166 665 ὅ
201 623 400 678 βασιλεὺς
428 620 484 671 ὥς
512 619 716 676 ἅντάρτην
743 619 883 674 τύψας
902 619 1020 663 ἔθετο
1051 622 1096 663 ἑν
1124 622 1405 678 δεσμωτηρίῳ,
1433 617 1586 675 δημεύ-

141 705 218 739 σας
248 690 382 731 αιῖτοῦ
418 691 557 730 πᾶσαν
594 686 670 742 τήν
715 687 968 742 περιουσίαν,
1039 688 1112 728 καί
1147 690 1222 728 τοῦ
1249 689 1456 740 βασιλέως
1480 684 1626 727 aaran

141 756 187 799 τὸ
218 754 315 804 ἔθος
345 756 404 803 εἰς
424 755 670 809 Βλαχέρνας
697 751 951 802 ἀπελθόντος
978 752 1200 807 προλαβών
1225 752 1323 808 ἔστη
1350 751 1588 807 ἔμπροσθεν

88 833 131 867 10
143 822 217 862 τοῦ
246 822 552 876 θυσιαστηρίου
590 819 611 862 ὁ
642 821 963 873 α’ρχιεπίσκοπος
997 818 1214 875 ὶερατικήν
1241 819 1406 876 ζστολὴν
1433 819 1588 875 ἠμφιε-

140 889 289 940 σμένος
307 923 318 942 ‚
346 887 419 929 καί
456 888 530 929 τοῦ
558 889 764 940 βασιλέως
788 888 840 942 τῇ
883 888 1019 943 σωλέᾳ
1059 884 1359 941 πλησιάσαντος
1386 883 1477 937 ἅμα
1506 886 1588 929 τῶν

140 957 215 1008 τῆς
243 952 478 1007 συγκλήτου
503 954 622 1009 φωνῇ
647 949 808 1008 μεγάλῃ
839 952 1053 1007 ἐφώνησεν
1091 950 1111 992 ὅ
1143 952 1466 1005 α’ρχιεπίσκοηος
1493 947 1588 990 “gv-

143 1034 253 1061 τεινε
281 1020 354 1061 καί
380 1020 609 1061 κατευοδοῦ
646 1020 717 1059 καί
742 1021 942 1071 βασίλευε
985 1016 1119 1059 ἕνεκεν
1144 1020 1266 1069 τίνος,
1296 1012 1331 1058 ὦ
1358 1018 1538 1069 βασιλεῦ’
1550 1018 1587 1068 ,·'’

139 1087 349 1134 αἰδεσθείς
377 1080 452 1126 οὖν
482 1082 502 1125 ὃ
532 1084 734 1138 βασιλευς
761 1086 813 1141 τῇ
840 1083 1054 1140 συγκλήτῳ
1083 1082 1166 1139 ἔφη
1195 1084 1357 1125 ι(ἕνεκεν
1386 1082 1589 1137 ἀληθείας

86 1159 128 1194 15
141 1154 214 1194 κατ’
239 1149 470 1206 πραότητος
499 1154 573 1193 καί
598 1148 897 1205 δικαιοσύνης.”
964 1147 984 1190 ὃ
1016 1152 1062 1191 δὲ
1088 1151 1186 1191 “καί
1213 1152 1312 1190 ποία
1343 1147 1587 1204 δικαιοσύνη

138 1220 184 1260 ἐν
213 1218 309 1270 σοι’,
347 1215 408 1259 ὅτι
449 1216 548 1267 δούς
586 1217 874 1272 ε’νυπόγραφον
915 1213 1032 1271 λόγον
1066 1217 1237 1273 Ἀλεξίῳ
1277 1217 1329 1256 δι’
1366 1216 1470 1268 ἐμοῦ
1511 1215 1586 1256 οὐκ

135 1283 352 1341 ἐφύλαξας
384 1285 533 1325 τοῦτον
549 1289 586 1336 ,·”
628 1281 649 1324 ὅ
689 1284 736 1324 δὲ
761 1280 985 1337 βασιλεύς,
1026 1281 1083 1332 ὥς
1126 1283 1360 1336 έλεγχθείς,
1387 1284 1512 1339 θυμῷ
1540 1296 1586 1323 τε

138 1349 211 1391 καί
238 1350 342 1406 ὀργῇ
384 1350 656 1406 α’κατασχέτῳ
695 1348 876 1404 κινηθείς
916 1352 1062 1391 τοῦτον
1090 1350 1163 1391 τοῦ
1192 1349 1494 1404 θυσιαστηρίου
1519 1352 1623 1402 βι-(3

140 1417 243 1465 αι’ως
275 1415 488 1470 ἐξήγαγεν,
534 1414 606 1457 καὶ
633 1415 793 1470 πληγὰς
837 1417 952 1474 αὐτῷ
980 1416 1031 1456 ου’
1056 1417 1227 1470 μετρίας
1254 1417 1416 1463 ἐπιθείς
1441 1413 1584 1470 ἐξώρι-

82 1487 225 1533 2οσεν,
256 1482 307 1523 οὖ
337 1481 407 1524 διὰ
437 1481 482 1523 τό
530 1484 782 1537 ἐλεγχθῆναι
822 1480 903 1523 ὑπὸ
940 1478 1087 1524 τούτου
1126 1482 1267 1534 μόνον,
1296 1479 1402 1522 ἀλλὰ
1433 1479 1504 1522 διὰ
1533 1481 1577 1523 τὸ

139 1551 399 1601 καταμαθεῖν
428 1546 555 1590 αυ’τὸν
584 1548 655 1597 τὰς
687 1548 809 1602 ἁγίας
838 1546 1001 1597 εἰκόνας
1028 1550 1154 1598 τιμᾶν
1185 1550 1258 1590 καί
1281 1550 1482 1601 σέβεσθαι
1509 1546 1582 1590 καί

137 1612 216 1670 την
243 1615 380 1656 αὐτοῦ
420 1616 670 1668 δυσσέβειαν
703 1616 922 1671 κρυφαίως
951 1614 1204 1668 διαβάλλειν.
1268 1615 1358 1668 μετ’
1390 1616 1441 1656 025
1467 1612 1574 1656 πολι)

232 1730 275 1766 14
312 1732 379 1776 τὴν
402 1732 604 1779 σύγκλητον
627 1732 751 1767 Comb.

136 1857 194 1879 cro
220 1846 409 1892 imperator
432 1847 505 1881 Leo
528 1846 757 1892 postmodum
780 1847 934 1880 sustulit.
984 1851 1142 1892 tempore
1170 1846 1300 1880 deinde
1328 1858 1398 1892 quo
1424 1846 1570 1880 Alexius

135 1894 347 1927 calumniam
377 1905 498 1938 passus
526 1900 591 1935 est,
619 1894 848 1928 Theodorum
875 1893 1179 1939 archiepiscopum
1203 1895 1411 1937 cognomine
1436 1893 1571 1927 Crithi-

135 1951 219 1974 num
243 1941 279 1974 in
303 1940 390 1974 urbe
418 1942 508 1975 forte
536 1947 714 1986 repertum
740 1940 924 1975 advocavit
957 1941 1202 1986 Theophilus,
1230 1941 1444 1988 propriaque
1468 1953 1570 1975 cruce

133 1989 280 2021 amuleti
305 1989 373 2021 ritu
399 2000 417 2021 e
445 1989 540 2022 collo
565 1988 746 2034 pendente
770 1989 839 2034 ipsi
864 1987 993 2021 tradita
1015 1990 1114 2021 misit
1136 1990 1174 2021 in
1204 1990 1371 2031 Siciliam,
1397 1990 1568 2021 securita-

133 2035 176 2068 tis
201 2035 306 2069 fidem
334 2036 458 2069 Alexio
483 2035 648 2068 daturum
691 2041 728 2069 et
750 2036 832 2068 'mox
863 2035 908 2068 ad
932 2047 968 2068 se
1005 2035 1248 2069 adducturum.
1296 2036 1474 2082 profectus
1504 2036 1568 2069 ille

135 2093 198 2128 pro
224 2083 343 2116 innata
376 2083 444 2115 sibi
468 2082 658 2128 prudentia
683 2083 846 2116 Alexium
877 2082 995 2116 verbis
1027 2095 1233 2128 persuasum
1257 2083 1407 2117 adduxit
1428 2083 1472 2115 ad
1501 2083 1568 2115 im-

133 2135 348 2176 peratorem:
383 2130 574 2176 imperator
612 2131 712 2163 velut
736 2130 906 2162 rebellem
936 2130 1140 2164 verberibus
1180 2137 1368 2176 exceptum
1405 2130 1502 2163 misit
1528 2131 1566 2164 in

134 2177 364 2219 ergastulum,
389 2183 425 2210 et
453 2189 574 2211 omnes
607 2178 682 2210 eius
716 2178 903 2210 facultates
936 2177 1080 2223 publico
1112 2177 1259 2211 addixit.
1315 2179 1566 2224 imperatorem

132 2222 261 2256 deinde
285 2224 330 2257 ad
355 2224 564 2258 Blachernas
588 2225 788 2270 profectum
825 2224 1060 2270 praeveniens
1090 2226 1375 2271 archiepiscopus
1400 2224 1566 2258 sacerdo-

131 2270 194 2303 tali
223 2276 320 2304 veste
357 2271 502 2305 indutus
529 2273 630 2305 stetit
666 2283 781 2305 coram
818 2272 943 2313 altari3
977 2277 1013 2305 et
1039 2273 1244 2317 imperatori
1270 2272 1316 2306 ad
1338 2273 1470 2306 soleam
1495 2273 1565 2304 iam

131 2316 311 2350 accedenti
335 2323 370 2351 et
396 2319 514 2352 vicino
544 2331 613 2352 uua
640 2331 718 2352 cum
741 2325 883 2352 senatus
905 2319 999 2352 elata
1025 2331 1113 2353 voce
1138 2319 1422 2366 archiepiscopus
1445 2319 1564 2352 excla-

130 2365 240 2398 mavit
262 2365 444 2406 “intende‚
469 2377 636 2412 prospere
650 2365 803 2412 procede
819 2372 854 2400 et
877 2377 995 2411 regna.
1020 2368 1118 2400 cuius
1132 2368 1255 2412 gratia,
1283 2379 1303 2401 ο
1329 2365 1563 2413 imperator?''

130 2411 343 2444 verecundia
366 2415 514 2446 suffusus
545 2414 738 2459 imperator
772 2414 912 2447 senatui
940 2412 1030 2447 dixit
1056 2416 1250 2455 “veritatis,
1278 2413 1562 2447 mansuetudinis

131 2464 168 2491 et
193 2459 348 2492 iustitiae
374 2460 518 2502 gratia?
566 2461 628 2494 ille
650 2473 734 2494 vero
761 2466 878 2507 “quae
904 2460 1039 2494 iustitia
1055 2466 1114 2495 tua
1132 2467 1194 2502 est,
1220 2462 1282 2507 qui
1305 2461 1451 2494 verbum
1474 2459 1561 2493 sub-
1601 2464 1603 2467 “

130 2506 323 2551 scriptione
353 2510 414 2538 tua
449 2507 622 2541 firmatum
647 2509 772 2542 Alexio
810 2519 873 2555 per
897 2518 951 2540 me
975 2508 1122 2549 misisti,
1157 2520 1223 2542 nec
1248 2515 1367 2542 tamen
1391 2508 1560 2541 observa-

130 2552 229 2586 sti?”
288 2553 479 2598 imperator
515 2555 568 2588 ita
593 2562 773 2601 correptus
791 2581 800 2595 ,
836 2561 873 2588 et
894 2555 946 2587 ira
978 2555 1121 2589 modum
1145 2557 1326 2590 nesciente
1355 2559 1560 2595 commotus,

129 2600 305 2633 violenter
329 2600 421 2633 hunc
443 2602 613 2636 altaribus
641 2603 809 2649 abripuit,
836 2602 1112 2649 verberibusque
1146 2615 1218 2637 non
1241 2603 1361 2648 paucis
1385 2602 1558 2648 vapulan-

128 2653 199 2679 tem
228 2649 264 2679 in
290 2648 434 2680 exilium
474 2649 632 2694 expulit,
674 2661 746 2683 non
775 2650 855 2695 quia
895 2657 1076 2695 correptus
1102 2657 1194 2684 esset.
1218 2649 1262 2682 ab
1283 2651 1359 2690 illo,
1387 2648 1450 2683 sed
1476 2651 1558 2696 quia

129 2692 310 2727 didicisset
335 2705 414 2728 eum
433 2706 543 2729 sacrus
566 2697 733 2741 imagines
748 2697 907 2730 venerari
926 2703 962 2731 et
982 2698 1110 2742 colei-05
1137 2704 1171 2731 et
1192 2699 1369 2744 propriam
1393 2698 1560 2744 impieta-
