1838 3132
299 97 396 142 376
853 97 1184 142 EUSTATHIUS
1227 87 1233 95 '

300 199 586 248 αὐθεκάστους
625 199 677 240 τοὶ
724 196 846 253 κοινοὶ-
869 198 1070 249 σίνεσθαι,
1111 192 1202 238 εἶτα
1228 194 1277 250 δη
1312 189 1483 249 ὄλεθρον
1507 199 1551 247 ἐξ
1579 195 1734 240 ἐκείνου

299 268 616 319 προορωμένους
642 270 782 317 μισεῖν
816 263 872 312 ὥς
898 260 1027 305 αἴτιον
1047 294 1059 315 ,
1095 258 1189 315 ἄρτι
1217 263 1264 302 δὲ
1295 263 1367 302 καί
1397 261 1737 317 αἰλοθρευμένους

300 333 459 375 ἐθέλειν
492 333 566 371 καί
594 347 633 371 τι
660 332 766 383 μέγα
806 329 933 371 κακὸν
964 327 1105 384 ἐκείνῳ
1147 326 1479 382 προσβάξοισθαι,
1509 328 1633 383 οἷνδρί
1657 324 1737 371 εἷλ-

301 402 383 446 λως
414 398 489 449 μὲν
522 398 669 452 α’γαθῷ
697 397 859 445 δόξαντι
893 396 964 450 (ου’
991 393 1072 448 γὰρ
1112 394 1400 446 σκορακιστὲον
1427 392 1610 447 τοὶπρός
1634 395 1737 450 α’λὴ-

301 467 469 516 θειαν),
515 457 575 509 οἷς
607 463 651 502 δὲ
686 462 869 517 στρεβλῷ
907 460 1047 502 κανόνι
1091 458 1374 514 συνδιεγροῖφη
1401 461 1458 515 τῷ
1485 461 1560 500 τοῦ
1583 459 1770 502 ‹isauri-5

305 531 442 579 ζοντος
470 527 748 582 Ἀνδρονίκου,
778 527 866 567 ἀλλ’
896 528 1083 568 ἐνταῦθα
1115 521 1372 566 ὃιεκπεσόντι
1399 525 1442 572 ἐς
1468 519 1603 579 ἄκραν
1626 541 1739 581 φαυ-

303 593 457 647 λότητα
475 610 486 621 ·
545 589 637 634 οὔτε
667 592 746 646 γὰρ
779 594 949 646 α’γαπῶν
979 587 1026 646 ἦν
1052 593 1227 645 ἐκεῖνον,
1254 589 1309 638 ὥς
1336 590 1740 644 ὑποκαταβαίνοντες

303 657 688 714 παραστησόμεθα,
727 654 822 699 οὔτε
865 653 918 698 αὖ
965 655 1255 712 ἀγαπώμενος,
1298 657 1370 697 καί
1399 651 1494 698 οὔτε
1523 657 1582 704 εἰς
1610 659 1741 710 γέρως

303 722 463 765 ἔννοιάν
491 741 583 765 τινα
625 723 845 779 καθήκων,
871 724 975 765 ἀλλὰ
1021 725 1092 764 καί
1119 721 1262 775 ποινήν
1290 721 1604 777 προορώμενος,
1632 720 1739 777 ἅπερ

303 787 405 842 ἡμῖν
430 795 624 843 φανεῖται
665 792 949 844 λυμηνάμενοι.
1016 790 1136 831 τοῦτό
1168 803 1212 829 τε
1242 783 1315 829 οὖν
1344 786 1452 829 οὕτω
1480 788 1640 844 ῥητέον,
1669 791 1742 831 καί
1755 795 1798 830 10

306 851 373 895 ὅτι
400 855 476 894 οὐκ
516 852 567 895 ἄν
595 871 691 896 ποτε
723 853 956 910 προστήσας
994 855 1039 897 τὸ
1072 854 1247 911 φιλητόν
1287 853 1364 908 ἐγώ
1409 854 1584 897 κατόπιν
1622 858 1742 910 θείην

304 922 378 975 τὴν
406 918 619 976 α’λὴθειαν,
647 920 752 963 οἰλλά
779 920 831 963 τά
852 920 1116 974 συμπεσόντα
1141 920 1447 975 προβαλόμενος
1473 922 1533 970 εἰς
1559 937 1742 976 συγγρα-

307 986 416 1040 φήν,
444 983 492 1039 ἧς
532 986 655 1042 οἶρετη
686 988 730 1028 τὸ
760 988 1013 1042 φιλάληθες,
1055 988 1130 1028 οὐκ
1160 984 1212 1029 ἄν
1250 986 1296 1029 τὸ
1323 986 1472 1042 ταύτης
1497 986 1744 1036 ἑπισκιάσας

308 1054 398 1107 φῶς
428 1042 720 1106 ἅχρειώσαιμι·
775 1052 880 1094 nard
912 1053 991 1107 γάρ
1021 1052 1091 1096 τὸν
1119 1054 1256 1108 ὀρθῶς
1287 1051 1605 1109 ἀποφηνάμενον
1623 1055 1744 1109 φίλος

309 1120 387 1170 μὲν
418 1117 440 1158 ὅ
469 1115 599 1174 α’νηρ,
638 1121 829 1174 φίλτερον
871 1120 917 1160 δὲ
945 1118 990 1160 τὸ
1030 1119 1196 1174 ἀληθές.
1263 1117 1325 1161 ἔτι
1357 1121 1404 1161 δὲ
1430 1120 1743 1174 συνθεωρητέον
1757 1129 1798 1162 15

311 1183 383 1224 καὶ
425 1183 482 1232 ὥς
534 1184 836 1237 ἐγκωμιάζουσι
872 1187 949 1237 μὲν
975 1187 1205 1227 ἑπιλεκτέον
1245 1181 1320 1227 ὅσα
1360 1186 1534 1240 χρηστά,
1564 1184 1640 1228 καί
1661 1202 1742 1227 που

312 1247 385 1289 καί
410 1248 460 1289 τὰ
504 1251 648 1304 φαῦλα
685 1253 1005 1304 μεταχρωστέον
1034 1250 1421 1306 δικηγορικώτερον,
1451 1253 1744 1307 συγγραφομέ-

310 1329 396 1363 νοις
425 1316 470 1356 δὲ
497 1314 556 1368 μὴ
587 1312 717 1364 οὕτως
743 1315 848 1358 οἷλλοὶ
878 1318 1183 1370 ὃιοιχειριστέον
1201 1315 1299 1366 τούς
1327 1317 1470 1371 λόγους
1485 1317 1542 1380 οὖς
1568 1317 1614 1360 τὸ
1637 1317 1744 1371 ὑπὲρ

311 1377 495 1422 ἑκάστων
536 1382 688 1436 α’ληθὲς
723 1382 910 1424 ἀπαιτεῖ·
976 1381 1080 1424 ἔνθα
1120 1383 1169 1424 οὔ
1208 1382 1353 1438 καιρὸς
1401 1385 1664 1438 ἐπιλέγεσθαι
1691 1383 1744 1426 τοὶ

311 1445 416 1500 πρὸς
444 1447 632 1500 εὐλογίαν
673 1449 877 1501 ε’γκωμιόυ
906 1446 1040 1506 νόμῳ,
1063 1448 1167 1490 α’λλοὲ
1207 1448 1401 1492 σπεύδειν
1430 1455 1659 1504 πολυωρεῖν
1687 1450 1802 1500 εἶςΩΟ

312 1513 478 1567 μνήμην
506 1515 584 1554 ταῖν
618 1512 816 1556 ἐπιόντων
844 1512 947 1556 αὐτὸ
977 1513 1170 1569 ἕκαστον,
1198 1510 1330 1569 ὧνπερ
1364 1514 1387 1557 ὅ
1413 1514 1560 1569 χρόνος
1586 1515 1746 1570 τρέχων

314 1580 585 1632 παρέρριψεν.
653 1581 693 1621 εἰ
728 1581 774 1621 δὲ
798 1578 967 1635 φθάσας
996 1580 1018 1622 ὅ
1046 1580 1245 1635 ἡμέτερος
1272 1575 1393 1631 οὗτος
1420 1583 1560 1624 Λοιυῒδ
1583 1575 1745 1636 α’γαθύζ

314 1660 396 1685 νων
434 1639 483 1697 ἦν
528 1644 572 1685 τὸ
605 1647 676 1687 τοῦ
705 1648 810 1686 θεοῦ
850 1645 1000 1700 λάχος,
1039 1648 1253 1688 ἀκουέσθω
1292 1650 1370 1698 μὲν
1402 1646 1494 1689 ἰδού
1526 1647 1745 1703 καὶτοῦτο,

317 1712 616 1751 συνακουέσθω
645 1712 690 1752 δὲ
717 1710 789 1752 καί
818 1708 881 1752 ὅτι
925 1711 1108 1765 ἐξώλεσε,
1139 1713 1267 1767 μικρὰ
1297 1715 1374 1765 μὲν
1401 1712 1568 1768 ῆὶΐύνας,
1599 1714 1748 1768 πικρά-

317 1897 399 1931 tem,
413 1891 587 1924 miseriam
613 1903 657 1925 ex
674 1904 716 1926 eo
736 1895 1007 1938 praesagientes,
1027 1900 1066 1928 ut
1090 1896 1323 1940 perniciosum
1343 1895 1427 1928 odio
1446 1894 1626 1937 habuisse,
1649 1907 1746 1930 nunc

315 1949 399 1971 vero
428 1939 671 1983 pessumdatos
696 1940 893 1974 maledictis
929 1941 1079 1974 eundem
1104 1943 1295 1983 insectari,
1332 1942 1510 1975 hominem
1535 1945 1745 1989 ceteroquin

315 1996 388 2018 non
413 1986 544 2018 malum
569 1988 700 2031 (neque
727 1988 819 2019 enim
849 1989 1038 2021 conviciari
1065 1989 1151 2022 licet
1167 1996 1307 2034 praeter
1330 1989 1380 2030 id,
1405 1989 1502 2034 quod
1519 2001 1638 2023 verum
1663 1991 1744 2036 est),

316 2031 378 2064 sed
403 2043 446 2064 ex
471 2043 541 2076 quo
582 2044 707 2077 pravae
732 2034 940 2080 subscripsit
965 2035 1154 2068 Andronici
1185 2036 1325 2079 tyranni
1364 2036 1534 2080 pactioni,
1557 2036 1601 2069 ad
1626 2042 1743 2070 extre-

314 2090 406 2111 mam
433 2080 628 2123 nequitiam
656 2079 852 2124 delapsum.
901 2093 1018 2126 neque
1034 2083 1127 2115 enim
1151 2083 1292 2116 amabat
1317 2083 1431 2122 illum,
1457 2083 1550 2116 sicut
1576 2083 1744 2128 deinceps

316 2125 642 2166 demonstrabimus,
671 2138 736 2159 nec
762 2128 1047 2172 amabatur-ipse,
1073 2126 1139 2162 nec
1160 2141 1242 2162 vero
1260 2130 1454 2174 praemium
1481 2141 1621 2174 sperare
1639 2141 1746 2164 sene-

315 2173 398 2212 tuti,
423 2171 484 2204 sed
512 2173 615 2205 etiam
631 2180 834 2218 exspectare
851 2186 1001 2220 poenam
1018 2176 1173 2209 debebat
1195 2188 1259 2220 pro
1287 2177 1339 2215 iis,
1355 2188 1446 2221 quae
1464 2176 1568 2210 nobis
1594 2188 1746 2222 appare-

315 2218 408 2251 bunt
430 2219 639 2262 perniciosa.
670 2220 737 2253 hoc
754 2222 802 2253 ita
820 2222 1004 2254 dicendum
1024 2228 1087 2262 est,
1106 2223 1281 2267 siquidem
1306 2234 1369 2266 ego
1394 2234 1573 2268 nunquam
1589 2225 1746 2268 praelata

317 2265 473 2298 amicitia
487 2271 696 2310 postponam
711 2269 903 2310 veritatem,
917 2269 979 2302 sed
993 2270 1155 2314 receptis,
1169 2281 1259 2314 quae
1277 2275 1372 2313 gesta
1387 2276 1480 2310 sunt,
1496 2271 1534 2303 in
1548 2270 1745 2312 historiam,

317 2313 415 2344 cuius
441 2312 516 2344 taus
545 2314 681 2354 veritas,
705 2313 809 2347 huius
840 2316 953 2348 iucem
986 2327 1166 2360 nunquam
1198 2317 1375 2349 obscurari
1401 2317 1526 2350 sinam.
1575 2328 1743 2362 namque,

316 2365 358 2391 ut
380 2369 460 2390 vere
484 2359 546 2391 ille
571 2359 673 2400 dixit,
700 2362 829 2394 amicus
851 2363 935 2407 ipse,
959 2363 1067 2405 magis
1091 2363 1200 2395 amica
1225 2364 1362 2396 veritas.
1391 2363 1520 2396 deinde
1544 2364 1650 2397 etiam
1676 2364 1746 2397 hoc

316 2405 612 2438 considerandum
637 2411 707 2439 est:
747 2408 975 2442 laudantibus
1003 2409 1166 2453 eligenda
1191 2421 1265 2442 esse
1287 2409 1457 2452 honesta,
1482 2410 1643 2456 adeoque
1666 2416 1744 2444 tur-

344 2453 376 2484 ia
411 2451 560 2485 fucanda
598 2458 764 2498 tanquam
801 2457 980 2500 patronis,
1015 2455 1191 2488 historicis
1231 2469 1301 2490 non
1333 2459 1442 2498 item,
1477 2457 1539 2490 sed
1571 2457 1745 2490 narranda

316 2463 372 2531 iiis
400 2509 487 2539 esse,
512 2511 601 2544 quae
626 2502 785 2544 postulat
811 2504 979 2549 cuiusque
1005 2503 1055 2535 rei
1085 2503 1230 2535 veritas:
1270 2505 1331 2536 ubi
1364 2505 1508 2537 minime
1535 2503 1638 2537 decet
1663 2504 1744 2536 lau-

318 2544 455 2578 dabilia
479 2557 690 2591 componere
723 2549 913 2582 secundum
948 2551 1042 2592 leges
1070 2549 1308 2592 laudationis,
1341 2550 1404 2584 sed
1433 2549 1477 2583 ad
1501 2551 1744 2595 posteritatem

317 2593 508 2626 transmitti
535 2593 643 2627 debet
670 2595 819 2636 curiose,
845 2596 1021 2641 quidquid
1035 2595 1167 2629 flumen
1199 2599 1366 2642 temporis
1387 2598 1480 2630 tulit.
1529 2596 1654 2642 quodsi
1671 2597 1744 2630 Da-

318 2637 377 2672 vid
400 2644 520 2673 noster
542 2640 639 2686 prius
663 2640 755 2676 bene
772 2642 1029 2679 administravit
1054 2643 1173 2678 dotem
1199 2643 1268 2678 sibi
1292 2656 1311 2677 a
1335 2644 1403 2679 deo
1427 2644 1653 2690 impertitam,
1679 2654 1743 2677 au-
