1806 3158
597 137 1088 184 CHRONOGRAPHIA.
1495 133 1555 183 41

110 244 169 292 εἰς
193 239 423 297 προφήτην.
472 240 734 298 προεφήτευε
761 242 808 282 δὲ
832 239 895 283 ἔτι
925 243 998 283 καί
1016 239 1229 293 Μιχαίας.
1265 239 1456 294 Ὀχοζίας
1491 239 1561 282 τὸν

110 306 283 362 Ἀχαιὶβ
314 308 607 360 διαδεξάμενος
635 305 656 348 ὁ
679 304 930 356 υἱὸςατίτοῢ
956 308 1226 359 ἐβασίλευσεν
1257 303 1327 361 ἔτη
1370 306 1457 362 δύο,
1489 308 1563 348 καὶ

110 375 182 416 ἐπὶ
206 371 358 416 τούτου
407 372 744 429 προφητεύουσιν
784 374 928 422 Ἠλίας
956 374 1029 414 καί
1057 373 1296 420 Ἐλισσαῖος.
1357 371 1509 425 Ἰωρὰν
1536 371 1560 412 0‘

113 439 268 482 τούτου
312 436 494 495 οἶδελφός
533 438 829 491 διαδεξάμενος
867 438 944 493 τήν
985 436 1123 494 ἀρχὴν
1150 435 1362 491 βασιλεύει
1392 436 1461 493 ἔτη
1488 436 1559 492 ιβ’.

75 507 171 548 5ἐπ’
201 506 332 548 αὐτοῦ
359 505 503 554 Ἠλίας
533 504 753 560 ἀνελήφθη
785 502 866 546 α’πό
898 506 969 559 τῆς
997 507 1085 558 γῆς.
1154 505 1224 546 ε’πί
1252 503 1400 546 τούτου
1431 503 1560 556 λιμώ-

107 574 251 622 ξαντες
281 569 321 614 οἱ
351 576 438 613 κατ’
468 567 624 625 ἐκείνην
653 569 728 624 τὴν
753 570 1000 626 περίχωρον,
1026 570 1079 611 τά
1111 568 1201 612 ἴδια
1229 570 1465 627 σφάξαντες
1493 573 1559 612 τέ-

106 654 185 681 κνα
211 639 293 680 τῶν
320 639 486 691 σαρκῶν
518 636 823 692 α’πεγεὺσαντο,
853 637 926 678 καί
949 637 993 678 ἐν
1029 635 1169 694 κόπρῳ
1198 641 1440 692 περιστερᾶς
1468 639 1563 679 α’ντί

111 702 213 754 ἁλὰς
240 701 581 757 οἰποβαπτόμενοι
611 705 805 757 ε’χραῖντο.
857 699 953 745 Ἰοῦ
981 701 1071 752 υἱὸς
1099 701 1249 758 Σαφοὶτ
1272 704 1345 745 τοῦ
1366 705 1558 758 Ναμεσῆ,

104 768 187 812 ὑπὸ
228 769 459 812 Ἐλισσαίου
504 770 695 825 χρισθείς
732 771 791 818 εἰς
831 771 1008 823 βασιλέα
1041 768 1111 811 ἐπὶ
1137 771 1394 825 Σαμαρείας,
1422 769 1558 811 πάντα

50 837 183 878 1οτοὔ
211 835 389 890 Ἀχαοὶβ
435 834 725 891 ἐτιμωρήσατο
767 835 837 878 τὸν
878 831 1017 877 οἶκον·
1087 835 1216 877 αὕτὸν
1266 836 1344 888 μὲν
1374 834 1455 890 γὰρ
1484 835 1558 877 τόν

102 903 280 956 βασιλέα
306 899 464 957 Ἰωρὰν
508 899 814 954 κατατοξεύσας
841 903 1023 957 α’ναιρεῖ,
1055 898 1193 956 εὑρών
1222 901 1558 956 θεραπευόμενον

102 966 155 1010 τά
183 967 432 1022 τραύματα,
461 969 630 1026 κρημνῷ
672 970 719 1010 δὲ
745 967 930 1022 Ἰεζάβελ
968 967 1043 1023 τὴν
1070 968 1223 1010 τούτου
1253 967 1556 1021 διαχειρίζεται

101 1036 279 1088 μητέρα,
305 1034 378 1076 καί
415 1032 699 1089 ἐβδομήκοντα
739 1036 812 1076 τοῦ
836 1033 1013 1087 Ἀχαάβ
1043 1032 1164 1083 υἱοὺς
1191 1033 1556 1087 διαχειρισάμενος

101 1097 341 1155 προύθηκεν
380 1101 519 1143 αὐτῶν
565 1100 635 1143 ε’πί
676 1098 751 1149 τοὶς
801 1097 1012 1150 διεξόδους
1057 1100 1129 1149 τὰς
1156 1097 1358 1156 κεφαλάς.
1414 1094 1554 1140 ἔπειτα

48 1170 90 1205 15
103 1164 348 1220 συναγαγών
375 1163 564 1215 ἅπαντας
592 1165 689 1216 τούς
717 1168 794 1208 τοῦ
826 1166 950 1209 Βάαλ
987 1165 1205 1221 προφήτας
1235 1167 1308 1206 καί
1332 1163 1459 1220 ἱερεῖς
1487 1163 1559 1206 κατ’

101 1229 272 1286 δήμους,
300 1233 508 1287 δημοτελῆ
548 1231 704 1275 θυσίαν
733 1234 931 1275 ἐπιτελεῖν
960 1227 1367 1287 προσποιησάμενος,
1397 1229 1555 1279 πάντας

99 1297 173 1354 ὑφ’
201 1296 245 1340 ἓν
274 1296 563 1354 ἀποσφάττει,
589 1299 661 1341 καί
686 1299 734 1341 τὸ
766 1300 978 1341 εἰδωλεῖον
1009 1296 1306 1350 κατασκάπτει,
1337 1298 1409 1338 καί
1434 1298 1554 1338 καθί·

99 1379 248 1419 στησιν
277 1363 380 1405 αὐτὸ
409 1367 602 1420 λυτρῶνα
621 1382 632 1393 ·
664 1365 910 1418 ἐβασίλευσε
941 1366 988 1407 δὲ
1019 1361 1090 1419 ἔτη
1111 1363 1186 1418 κη’.
1243 1361 1553 1419 ἐπροεφήτευσε

103 1430 151 1472 δὲ
178 1428 240 1472 ἔτι
269 1432 343 1472 καί
370 1430 442 1471 ἐπὶ
466 1430 615 1472 τούτου
640 1430 882 1479 Ἐλισσαῖος.

39 1497 87 1531 20
205 1493 394 1549 Ἰωάχαζ
421 1494 496 1538 τὸν
522 1498 681 1550 πατέρα
707 1496 798 1538 Ἰοῧ
831 1495 1127 1548 διαδεξάμενος
1148 1491 1365 1548 βασιλεύει
1393 1491 1462 1548 ἔτη
1480 1491 1548 1544 ιζ.

98 1559 162 1602 ἔτι
207 1561 282 1604 καί
326 1563 397 1603 ε’πί
437 1560 586 1604 τούτου
615 1563 845 1611 Ἐλισσαῖος
885 1561 1147 1617 ἐπροφήτευε
1173 1562 1246 1602 καί
1272 1558 1551 1613 ἐτελεύτησεν·

99 1626 221 1676 Ἰωάς
246 1626 338 1676 υἱὸς
365 1627 552 1681 Ἰωάχαζ
584 1626 802 1681 βασιλεύει
829 1631 918 1681 μετ’
946 1627 1076 1669 αὐτὸν
1113 1625 1183 1681 ἔτη
1211 1626 1275 1675 ις’.
1327 1625 1552 1680 Ἵεροβοὰμ,

98 1692 169 1735 τὸν
190 1691 315 1743 Ἰωὰς
344 1691 640 1748 διαδεξάμενος
669 1693 690 1736 ὃ
718 1693 813 1744 υἱὸς
841 1694 1114 1748 ἐβασιλευσεν
1130 1693 1200 1749 ἔτη
1226 1695 1311 1747 μα’,
1345 1691 1551 1749 ἐπροεφὴ-

194 1833 247 1866 15.
274 1834 355 1878 τοῦ]
380 1834 442 1878 τῆς
468 1835 494 1868 C
592 1834 644 1868 18.
672 1834 842 1882 λύτρωμα
868 1835 895 1869 C
1011 1834 1068 1868 20.
1090 1833 1214 1869 Ἰοῦδα
1241 1833 1267 1866 C

102 1958 255 1992 insidias
288 1964 464 1993 metuens.
524 1965 703 2005 postremo
737 1961 830 1993 Elias
859 1960 1054 1993 Elissaeum
1089 1959 1300 2006 prophetam
1325 1958 1440 1997 unxit,
1465 1968 1550 2002 pro-

99 2005 272 2051 phetante
298 2008 482 2040 etiamtum
508 2007 683 2041 Michaea.
732 2007 874 2041 Achaab
901 2008 1042 2052 excepit
1056 2006 1228 2040 ochosias
1244 2006 1348 2039 *filius
1374 2004 1549 2049 regnavit-

100 2064 170 2098 que
198 2052 287 2086 duos
317 2064 447 2097 annos3
474 2054 538 2087 sub
565 2066 607 2088 eo
633 2056 728 2088 Elias
756 2061 792 2088 et
829 2055 1005 2088 Elissaeas
1029 2055 1305 2100 prophetarunt.
1354 2053 1471 2092 Ion-an,
1500 2051 1547 2083 il-

100 2100 171 2133 lius
200 2101 320 2142 frater,
348 2113 494 2145 regnum
518 2103 674 2147 suscepit
699 2108 735 2136 et
763 2103 806 2135 12
834 2113 945 2135 anuos
972 2101 1241 2135 administravit.
1293 2099 1359 2132 sub
1385 2111 1427 2132 eo
1453 2099 1548 2132 Elias

100 2158 121 2179 a
147 2152 241 2180 terra
267 2148 427 2182 sublatus
456 2154 521 2182 est.
571 2161 680 2194 quum
707 2149 772 2182 sub
797 2149 865 2182 hoc
894 2149 1046 2193 regionis
1083 2149 1182 2182 illius
1206 2148 1348 2182 incolae
1367 2146 1458 2179 fame
1483 2156 1547 2179 ve·

98 2199 279 2236 xxxi-entur,
307 2196 468 2240 proprios
492 2196 624 2229 liberos
646 2196 851 2230 mactabant
874 2202 910 2229 et
935 2207 1039 2229 earne
1057 2196 1302 2236 vescebantur,
1328 2194 1465 2226 imbuta
1488 2203 1547 2226 sa-

99 2240 144 2273 lis
170 2241 249 2274 loco
280 2243 520 2276 columbarum
547 2244 711 2277 ste'rcore.
760 2245 813 2284 Iu,
834 2243 967 2288 Saphat
996 2243 1090 2276 filius
1116 2253 1298 2288 neposque
1314 2242 1475 2280 Namese,
1500 2239 1545 2271 ab

98 2286 258 2322 Elissaeo
283 2300 344 2323 rex
370 2295 494 2324 unctus
519 2290 698 2324 Samariae
736 2296 847 2324 totam
873 2289 1016 2323 Achaab
1038 2289 1180 2323 domum
1208 2291 1302 2323 ultus
1327 2295 1402 2330 σείς
1433 2289 1546 2333 ipsum

99 2335 196 2367 enim
220 2336 332 2369 loram
366 2349 481 2382 regem
516 2338 653 2382 sagittis
678 2339 862 2382 percussit,
894 2349 1002 2383 quum
1025 2337 1227 2371 medentem
1254 2335 1460 2369 vulneribus
1487 2334 1546 2366 in-

98 2381 280 2423 venisset,
307 2385 343 2416 in
371 2386 581 2429 praecipitio
607 2386 755 2425 lesabel,
789 2391 938 2418 matrem
965 2385 1076 2425 illius,
1102 2385 1242 2418 necavit
1266 2389 1302 2417 et
1320 2383 1364 2416 70
1393 2383 1546 2414 filiorum

95 2428 252 2470 Achaab,
278 2441 366 2474 quos
393 2433 649 2474 trucidaverat,
674 2435 790 2477 capita
805 2434 840 2466 in
856 2432 921 2465 viis
939 2431 1135 2465 collocavit,
1167 2437 1240 2464 tum
1269 2430 1434 2464 omnibus
1459 2427 1545 2460 Baal

96 2475 283 2520 prophetis
300 2483 335 2511 et
351 2479 593 2512 sacerdotibus
610 2485 646 2512 et
660 2480 794 2525 populo
820 2479 1006 2519 arcessitis,
1020 2479 1184 2512 simulato
1201 2477 1345 2522 publico
1362 2475 1546 2515 sacrificio,

97 2534 220 2556 omnes
244 2525 408 2565 necavit,
440 2532 476 2559 et
513 2526 604 2559 illud
632 2527 812 2571 piaculum
837 2526 934 2560 fecit.
996 2527 1158 2571 regnavit
1181 2526 1226 2560 28
1251 2536 1361 2557 annos
1387 2521 1544 2568 prophe-

96 2575 195 2603 tante
225 2571 330 2603 etiam
355 2573 419 2604 sub
449 2584 491 2606 eo
521 2574 693 2606 Elissaeo.
966 2570 968 2573 ’
1018 2601 1019 2605 ,

188 2617 334 2650 Ioachas
365 2619 402 2650 Iu
439 2625 574 2664 patrem
604 2626 746 2654 secutus
779 2621 819 2654 17
849 2632 960 2654 annos
999 2621 1179 2664 regnavit3
1207 2619 1270 2651 sub
1300 2629 1341 2650 eo
1367 2616 1542 2648 Elissaeas

96 2662 213 2697 adhuc
239 2664 466 2710 prophetavit
479 2673 711 2713 mortuusque
736 2673 799 2701 est.
850 2669 941 2708 lons,
967 2667 1117 2700 Ioachae
1147 2667 1253 2705 filius,
1281 2663 1440 2708 regnavit
1461 2667 1542 2708 post

96 2721 176 2746 eum
192 2711 234 2746 16
260 2723 383 2746 anuos.
433 2713 616 2749 Iex-obeam
641 2716 735 2749 Ioam
754 2721 888 2761 patrem
917 2721 1058 2750 secutus
1083 2725 1192 2748 annos
1211 2710 1252 2745 41
1281 2710 1451 2756 regnavit,
1475 2708 1540 2744 sub
