1838 3132
300 159 394 204 150
694 144 921 216 [Lssole
960 142 1343 216 GRAMMA‘nm]

294 269 521 315 ἐκέλευσεν,
552 262 649 311 τούς
695 262 741 302 δὲ
771 261 966 313 πρέσβεις
993 260 1038 301 ἐν
1068 263 1278 315 φρουραῖς
1303 261 1375 300 καί
1404 263 1645 315 κακουχίαις
1669 277 1746 302 κα-

293 336 534 377 τεδίκασεν·
598 329 703 382 ὑπὲρ
747 319 805 367 ὧν
838 326 1003 378 α’θυμιά
1039 328 1111 367 καί
1139 328 1289 379 θλῖψις
1315 324 1445 381 πολλή
1476 333 1644 382 κατεῖχε
1670 327 1745 370 τὸν

292 401 482 455 βασιλέα.

401 461 508 507 Εἶτα
548 462 673 509 πᾴλιν
715 456 912 514 Χοσρόης
948 454 1186 500 ἀπέστειλεν
1222 457 1367 512 ἕτερον
1415 453 1600 513 ἄρχοντα
1636 457 1741 501 κατὰ

288 531 512 583 Ῥωμαίων
530 526 708 579 ὀνόματι
727 525 961 580 Σάρβαρον,
991 523 1037 573 ὃς
1053 523 1158 576 μετά
1180 523 1374 579 πλείστης
1394 523 1609 580 δυνάμεως
1638 520 1743 580 ἦλθε
1757 533 1780 567 5

292 596 399 651 πρὸς
427 592 500 648 τήν
522 593 685 646 Ἀσίαν,
712 590 788 645 τὴν
814 592 891 646 γῆν
908 593 990 632 τῶν
1011 590 1232 643 Ῥωμαίων
1261 592 1515 646 ληϊζόμενος.
1571 589 1594 632 ὅ
1624 592 1671 633 δέ
1698 605 1746 646 γε

291 660 491 715 βασιλεῦς
520 656 783 714 “Ηράκλειος,
812 656 870 705 ὥς
902 655 1085 712 εἴρηται,
1128 655 1232 711 πρὸς
1265 658 1463 712 Περσίδα
1493 658 1748 711 βουλόμενος

291 727 532 781 ἐκχωρῆσαι
573 724 676 767 τάδε
717 723 821 777 πρὸς
852 721 923 765 τὸν
967 722 1235 777 πατριάρχην
1271 720 1354 779 ἔφη
1383 726 1469 772 “sig
1495 729 1643 778 χεῖρας
1673 723 1749 764 τοῦ

292 796 397 843 θεοῦ
428 795 499 834 καί
526 790 686 846 πατρὸς
714 792 785 831 καί
821 791 895 844 τῆς
921 787 1079 844 μητρὸς
1107 784 1242 830 αὐτοῦ
1271 791 1345 831 καί
1371 791 1451 832 σοῦ’
1484 789 1642 846 α’φίημι
1669 787 1747 844 τὴν

291 858 414 902 πόλιν
439 858 590 912 ταύτην
632 859 704 899 καί
741 854 809 898 τὸν
836 855 929 897 υἱόν
956 859 1084 908 μου.”
1154 857 1228 897 καί
1255 854 1454 898 εἰσελθών
1482 857 1542 906 εἷς
1572 853 1647 910 τὴν
1671 867 1746 906 με-
1761 861 1805 896 10

292 924 422 980 γάλην
454 926 673 978 ἐκκλησίαν
703 927 865 976 μελανα
894 919 1147 976 ὑποδήματα
1183 920 1511 976 περιβαλόμενος
1539 920 1612 962 καί
1637 937 1747 976 πρη-

294 989 368 1046 νὴς
397 989 536 1032 πεσών
566 984 717 1045 ηὔξατο
745 985 880 1037 οὕτως
908 989 1116 1030 ((δέσποτα
1137 989 1210 1029 θεὲ
1234 989 1305 1029 καί
1330 986 1448 1041 κύριε
1470 987 1609 1042 Ἰησοῦ
1632 990 1749 1042 Χρι-

294 1059 377 1112 στὲ,
405 1055 464 1109 μή
497 1057 696 1113 παραὸῷς
728 1054 839 1109 ἡμᾶς
869 1055 929 1102 εἰς
957 1049 1112 1103 ὄνειδος
1141 1059 1226 1103 τοῖς
1261 1056 1434 1108 ἐχθροῖς
1463 1069 1541 1096 σου
1571 1052 1642 1095 διὰ
1671 1052 1748 1103 τὰς

294 1123 507 1177 ἁμαρτίας
534 1122 679 1176 ἡμῶν,
708 1119 798 1162 ἀλλ’
837 1122 1069 1174 ἐπιβλέψας
1096 1121 1291 1175 ἐλέησον,
1321 1123 1394 1162 καί
1420 1118 1498 1175 τὴν
1528 1117 1632 1161 κατὰ
1662 1121 1748 1161 τῶν

293 1191 464 1244 ἐχθρῶν
490 1204 566 1230 σου
614 1189 730 1242 νίκην
771 1185 844 1236 δὸς
873 1185 985 1242 ἡμῖν,
1030 1184 1140 1235 ὅπως
1166 1185 1225 1240 μή
1258 1184 1554 1240 καυχήσωνται
1582 1184 1622 1228 οἷ
1645 1182 1748 1227 α’λοὶ-
1763 1191 1807 1225 15

295 1270 439 1308 στορες
484 1253 588 1296 κατὰ
625 1254 699 1307 τῆς
740 1255 813 1309 σῆς
859 1251 1133 1308 κληρονομίας
1174 1251 1483 1308 ἐπαιρόμενοι.”
1557 1249 1604 1295 ὃν
1645 1250 1750 1295 ἴδών

297 1321 506 1376 Γεώργιος
535 1320 556 1362 ὃ
585 1321 797 1374 Πισσίὸης
823 1321 932 1372 μετὰ
962 1318 1159 1372 τοιαύτης
1188 1317 1477 1368 ταπεινώσεως
1501 1316 1584 1375 ἔφη

1084 1393 1113 1432 ὦ
1137 1397 1309 1442 βασιλεῦ,

557 1455 804 1503 μελαμβαψὲς
835 1455 988 1491 πέδιλον
1011 1457 1144 1496 εἱλίξας
1173 1455 1307 1496 πόδας,

556 1514 691 1560 βάψεις
714 1510 876 1560 ἐρυθρὸν
903 1515 1109 1560 Περσικῶν
1134 1515 1172 1555 ἐξ
1199 1512 1381 1561 αἱμάτων.
1760 1520 1808 1555 20
1832 1511 1835 1513 “

297 1579 437 1633 λαβών
454 1583 499 1623 δὲ
514 1581 620 1633 μετὰ
639 1587 784 1636 χεῖρας
803 1581 873 1636 τὴν
894 1580 1147 1636 θεανὸρικὴν
1163 1579 1478 1636 ἀχειροποίητον
1492 1579 1663 1636 μορφὴν
1675 1581 1750 1622 τοῦ

297 1650 445 1702 κυρίου
476 1651 548 1695 καί
573 1651 677 1690 θοεῦ
704 1648 823 1703 ἡμῶν
849 1647 954 1689 κατοὶ
971 1649 1153 1703 Περσῶν
1182 1647 1432 1703 ἐστράτευσε
1457 1645 1565 1700 μετὰ
1596 1649 1750 1687 πλοίων

301 1714 369 1756 διὰ
394 1718 468 1757 τοῦ
503 1716 697 1765 Εὐξείνου
725 1716 886 1769 πόντου,
916 1714 1250 1769 προσλαβόμενος
1278 1714 1338 1764 εἷς
1366 1714 1614 1768 συμμαχίαν
1642 1713 1749 1766 πλῆ-

303 1904 369 1939 set,
395 1899 531 1942 legatos
557 1903 674 1931 autem
707 1897 866 1931 custodia
901 1902 937 1930 et
954 1896 1164 1930 verberibus
1193 1896 1396 1939 damnavit3
1421 1907 1513 1942 quae
1539 1906 1593 1928 res
1622 1894 1749 1929 dolore

303 1953 340 1979 et
364 1947 509 1979 tristitia
537 1956 661 1989 magua
686 1955 802 1988 regem
829 1945 957 1977 affecit.

394 1991 531 2026 Deinde
556 1993 685 2025 iterum
711 1991 883 2024 Chosroes
909 1992 1019 2024 alium
1057 1990 1182 2023 ducem
1205 1995 1326 2024 contra
1352 1991 1527 2023 Romanos
1554 1989 1660 2030 misit,
1690 1989 1750 2021 cui

302 2051 435 2073 nomen
462 2039 632 2081 Sarbar03
657 2039 687 2071 is
714 2050 790 2071 cum
821 2039 1010 2084 permultis
1031 2037 1144 2082 copiis
1181 2038 1281 2070 venit
1305 2038 1343 2069 in
1369 2037 1488 2070 Asiam
1513 2041 1652 2069 vastans
1676 2041 1750 2069 ter-

303 2099 375 2120 ram
404 2088 651 2119 Romanorum.
703 2097 764 2118 rex
791 2092 909 2119 autem
934 2086 1138 2125 Heraclius,
1165 2090 1204 2117 ut
1231 2084 1353 2124 fertur,
1380 2095 1487 2128 quum
1514 2088 1635 2115 contra
1667 2083 1750 2115 Per—

303 2134 414 2167 sidem
438 2133 555 2177 egredi
587 2133 723 2174 vellet,
747 2132 836 2165 haec
872 2131 1096 2177 patriarchae
1131 2131 1240 2164 dixit:
1276 2131 1338 2163 “in
1363 2141 1486 2163 manus
1511 2129 1569 2162 dei
1598 2131 1749 2175 eiusque

303 2181 411 2227 patris
438 2187 474 2213 et
506 2180 627 2213 matris
655 2185 691 2213 et
729 2185 806 2213 tuas
831 2180 932 2212 trado
962 2178 1055 2212 hanc
1089 2178 1212 2211 urbem
1237 2183 1273 2211 et
1300 2178 1410 2210 fllium
1440 2175 1590 2209 meum.”
1639 2183 1749 2223 atque

302 2230 479 2273 ingressus
504 2238 662 2271 magnam
689 2227 871 2260 ecclesiam
898 2227 1004 2270 nigris
1030 2225 1158 2258 calceis
1182 2225 1331 2270 sumptis
1360 2230 1396 2257 et
1419 2235 1494 2257 sese
1518 2229 1748 2268 prosternens

303 2275 354 2307 ita
382 2274 427 2307 ad
453 2274 557 2307 deum
578 2278 740 2318 precatus
766 2279 840 2307 est:
876 2275 1050 2306 “maxime
1079 2272 1166 2305 dens
1192 2277 1227 2304 et
1251 2272 1395 2304 domine
1421 2272 1499 2304 Iesu
1527 2269 1677 2311 Christe,
1702 2281 1748 2304 ne

303 2321 421 2355 tradas
456 2333 522 2354 nos
556 2328 635 2353 cum
672 2320 847 2354 dedecore
884 2320 1046 2353 hostibus
1081 2321 1150 2352 tuis
1177 2325 1323 2363 propter
1358 2323 1502 2364 peccata
1527 2324 1660 2359 nostra,
1685 2317 1748 2351 sed

303 2368 480 2414 aspiciens
504 2379 568 2401 nos
595 2368 761 2400 miserere
800 2373 836 2401 et
862 2368 1042 2400 victoriam
1079 2365 1123 2398 de
1154 2365 1320 2398 hostibus
1359 2366 1429 2398 tuis
1462 2364 1568 2397 nobis
1611 2365 1678 2405 da,
1702 2376 1748 2398 ne

303 2415 501 2458 glorientur
537 2415 677 2447 scelesti
702 2415 763 2459 qui
801 2420 921 2447 contra
950 2412 1186 2446 hereditatem
1215 2418 1312 2446 tuam
1337 2413 1595 2446 surrexerunt.”
1641 2422 1748 2458 quem

303 2462 427 2498 videus
452 2461 624 2506 Georgius
649 2460 800 2495 Pissides
830 2462 867 2495 in
894 2461 957 2494 tali
983 2459 1203 2493 humilitate:

827 2530 875 2557 “o
905 2525 1006 2563 rex‚''
1031 2523 1172 2568 inquit,

610 2570 746 2614 „nigris
770 2572 899 2604 calceis
924 2570 1035 2615 pedes
1063 2575 1178 2602 tectus

607 2620 721 2662 tinges
754 2629 815 2651 eos
844 2617 969 2651 rubros
1007 2617 1177 2661 sanguine
1207 2616 1421 2649 Persarum.'’

305 2687 443 2726 sumpta
469 2687 586 2715 autem
611 2681 774 2714 manibus
801 2681 956 2725 imagine
975 2679 1104 2713 Christi
1133 2679 1266 2711 domini
1305 2685 1341 2712 et
1360 2679 1418 2712 dei
1444 2676 1556 2711 nostri
1584 2674 1748 2707 manibus

304 2739 377 2763 uou
401 2729 505 2772 sacta,
531 2735 654 2765 contra
690 2729 810 2765 Persas
834 2728 1016 2777 profectus
1042 2733 1097 2763 est
1132 2727 1281 2763 navibus
1307 2738 1371 2775 per
1395 2731 1545 2775 pontum
1570 2722 1748 2759 Euxinum
