1806 3158
288 161 320 209 4
683 152 907 224 [Lssoms
947 149 1324 222 GRAMMATicl]

394 265 566 323 Εἴρηται
597 269 642 309 δὲ
668 266 750 308 ὖπὸ
779 269 854 309 τοῦ
868 267 970 308 θεοῦ
999 266 1044 309 τὸ
1077 267 1193 308 “8505
1219 264 1360 317 Ἀδὰμ
1387 266 1548 319 γέγονεν
1574 265 1630 314 ὥς
1657 261 1716 314 εἷς

285 335 327 383 ἒξ
356 333 471 387 ἡμῶν
499 335 576 373 τοῦ
600 332 813 386 γινώσκειν
848 331 971 373 καλὸν
1013 334 1085 373 καί
1126 329 1330 385 πονηρὸν”
1370 331 1449 383 οὐχ
1480 328 1537 379 ὥς
1563 330 1715 384 προκό-

283 410 440 449 ψαντος
470 398 600 440 αὐτοῦ
628 397 696 439 διὰ
736 399 808 451 τῆς
837 396 1054 446 ἀπειθείας
1095 397 1165 439 ε’πί
1193 396 1268 450 τήν
1296 397 1368 451 τῆς
1396 395 1545 450 ἀρετῆς
1571 411 1615 437 τε
1642 397 1735 437 καῖ’

283 464 424 513 κακίας
445 465 607 517 γνῶσιν,
638 465 725 504 ἀλλ’
754 463 810 513 ὥς
836 461 1021 506 τοιούτου
1051 465 1094 513 ἐξ
1120 459 1252 518 ἀρχῆς
1278 463 1542 509 πλασθέντας.
1599 460 1715 516 φθά-

283 546 390 570 σασα
418 528 496 582 γάρ
525 526 636 571 εἶπεν
666 528 689 582 ἧ
719 530 858 585 γραφή
889 527 954 570 ὅτι
982 528 1170 583 ἐποίησεν
1201 526 1221 568 ὁ
1247 527 1346 577 θεὸς
1374 528 1446 569 τόν
1473 523 1745 581 ἅνθρωπον,5

281 596 369 635 κατ’
395 593 530 636 εἰκόνα
557 597 659 636 θεοῦ
686 593 875 648 ἐποίησεν
903 594 1043 636 αὐτόν.
1101 591 1122 635 ὅ
1152 595 1197 635 δὲ
1226 596 1427 642 πλασθείς
1453 596 1543 634 κατ’
1574 590 1712 634 εἰκόνα

280 664 381 702 θεοῦ
402 663 522 714 δῆλον
552 659 606 709 αἷς
626 657 1066 715 προκαταβεβλημένην
1091 656 1202 713 εἶχεν
1229 661 1272 701 ἐν
1288 663 1340 715 τῇ
1360 659 1485 714 φύσει
1504 657 1579 713 τῆν
1607 659 1712 712 γνῶ·

279 743 346 768 σιν
374 729 449 768 τοῦ
475 728 605 767 καλοῦ
632 741 675 767 τε
702 727 775 768 καί
801 729 878 767 τοῦ
908 726 1099 781 πονηροῦ.
1157 724 1222 766 διὸ
1254 724 1321 766 ἵνα
1347 725 1404 779 μή
1431 727 1484 781 τῇ
1513 725 1710 774 αι”τεξου-

279 791 432 846 σιότητι
458 793 706 846 κεχρημένος
743 791 955 847 μεταλάβῃ
996 794 1071 833 τοῦ
1096 793 1165 846 τῆς
1208 791 1313 844 ζωῆς
1343 789 1469 839 ξύλου
1498 792 1570 831 καί
1593 791 1712 844 γένη-

278 873 346 898 ται
377 856 495 905 κακὸς
541 856 774 910 α’θοίνατος,
806 857 1007 912 ἐξεβλήθη
1036 856 1115 899 σὺν
1157 858 1206 913 τῇ
1226 853 1325 913 ’Έυᾳ
1354 857 1413 904 εἰς
1441 855 1515 908 τήν
1539 857 1615 910 γῆν
1641 857 1711 908 τῆς
1726 869 1769 903 10

276 924 442 970 κτίσεως
485 923 646 963 0:11'2’01‘1'.¹
704 926 747 965 τί
766 924 844 977 γὰρ
885 921 991 975 μετὰ
1033 926 1162 964 ταῦτα
1204 921 1340 963 πάντα
1370 922 1394 976 ἦ
1421 923 1518 963 θεία
1545 920 1710 977 γραφῆς

276 989 374 1028 “καί
400 990 677 1037 ἐξαπέστειλεν
709 987 835 1030 αὐτὸν
852 988 995 1043 κύριος
1024 987 1044 1029 ὅ
1072 988 1170 1036 θεὸς
1189 990 1233 1030 ἐκ
1252 990 1327 1028 τοῦ
1350 986 1609 1041 παραδείσου
1637 989 1712 1040 τῆς

274 1054 434 1107 τρυφῆς
462 1052 710 1106 ἐργάζεσθαι
738 1052 812 1107 τήν
840 1055 924 1107 γῆν,
955 1052 996 1103 ἐξ
1025 1050 1073 1107 ἧς
1105 1051 1293 1108 ἐλήφθη·
1349 1054 1420 1094 καί
1446 1054 1614 1105 ἐξέβαλε
1643 1050 1713 1093 τὸν

274 1118 416 1169 Ἀδάμ,
447 1117 517 1158 καί
547 1117 765 1175 κατῴκισεν
795 1117 921 1160 αὐτὸν
950 1119 1148 1161 ἀπέναντι
1176 1120 1250 1172 τῆς
1277 1120 1438 1174 τρυφῆς
1466 1120 1544 1159 τοῦ
1569 1133 1712 1170 παρα-

276 1184 437 1238 δείσου,
481 1185 552 1224 καί
588 1182 702 1234 ἔταξε
743 1182 794 1224 τοὶ
827 1186 1032 1237 χερουβίμ
1074 1183 1144 1225 καί
1169 1184 1244 1238 τήν
1275 1188 1470 1240 φλογίνην
1497 1184 1769 1240 ῥομφαίαν15

275 1247 351 1302 τήν
377 1251 656 1303 στρεφομένην
686 1246 916 1303 φυλάσσειν
946 1248 1022 1303 τήν
1048 1249 1146 1291 ὁδὸν
1171 1252 1248 1291 τοῦ
1276 1249 1400 1301 ξύλου
1431 1251 1502 1304 τῆς
1531 1249 1674 1304 ζωῆς.”

387 1314 512 1355 Meu}
554 1314 598 1356 τὸ
629 1317 882 1369 ἐκβληθῆναι
919 1314 990 1356 τὸν
1028 1311 1250 1370 ἄνθρωπον
1287 1314 1366 1366 ἐξω
1399 1317 1474 1357 τοῦ
1501 1316 1712 1368 μακαρίου

273 1381 432 1432 χωρίου
461 1378 770 1434 α’καταμάχητοι
800 1381 981 1434 φρουροὶ
1015 1384 1087 1421 καί
1114 1382 1208 1422 λίαν
1234 1379 1459 1434 ὖπέροπτοι
1490 1379 1715 1436 φυλάττειν

278 1443 351 1498 τὴν
380 1443 476 1486 ὁδὸν
502 1448 578 1487 τοῦ
603 1444 727 1495 ξύλου
747 1447 820 1499 τῆς
850 1447 956 1499 ζωῆς
983 1446 1234 1500 ἐτάχθησαν,
1261 1446 1316 1495 ὥς
1333 1448 1495 1500 μηδένα
1523 1447 1597 1487 τοῦ
1625 1449 1714 1489 λοι-

278 1511 358 1551 ποῦ
385 1509 544 1563 ἰσχύειν
582 1514 804 1564 παρελθεῖν
844 1510 941 1552 ποσί
963 1509 1154 1565 βεβήλοις
1188 1512 1247 1560 εἰς
1277 1513 1428 1553 ἐκεῖνον
1467 1510 1542 1552 τὸν
1572 1508 1770 1553 tonnam}

277 1579 349 1627 καί
376 1575 456 1629 γάρ
486 1575 676 1628 μάχαιρα
698 1579 868 1631 φλογίνη
893 1576 1016 1630 ἐτέθη
1044 1578 1133 1618 ἐκεῖ
1146 1578 1216 1617 ἐπὶ
1241 1579 1297 1632 τῷ
1324 1573 1396 1618 τὸν
1422 1575 1713 1630 πλησιάζοντα,

279 1643 322 1689 ἐξ
348 1639 448 1695 ὕλης
477 1640 730 1692 ὑπάρχοντα,
761 1643 865 1694 πυρὶ
893 1641 1141 1694 φλεγόμενον
1186 1643 1487 1683 ἀναλίσκεσθαι
1516 1638 1710 1693 παρἀυτά

280 1708 350 1747 καί
376 1706 648 1747 ἀπόλλυσθαι.
717 1709 942 1761 στρέφεται
985 1707 1030 1747 δὲ
1070 1706 1094 1761 ἦ
1126 1707 1341 1762 ῥομφαία,
1369 1709 1437 1748 ἵνα
1468 1708 1512 1748 ἐν
1545 1708 1596 1764 τῇ
1627 1721 1712 1748 πα-

371 1827 427 1859 20.
456 1828 506 1864 εἷς
530 1838 586 1859 om
615 1827 640 1859 C
669 1828 692 1859 i.
720 1838 749 1859 e.
777 1826 887 1860 editio
919 1827 1138 1861 Cramerana.
1243 1827 1299 1860 21.
1324 1829 1389 1873 τῷ]
1416 1825 1455 1862 τό
1485 1827 1511 1860 C

374 1927 511 1959 Dictum
541 1932 594 1960 est
618 1938 636 1959 a
663 1926 748 1960 deo:
779 1933 884 1960 “ecce
910 1928 1062 1962 Adamus
1090 1929 1201 1962 sactus
1237 1933 1290 1961 est
1317 1933 1356 1961 nt
1383 1933 1540 1961 nostrum
1564 1927 1709 1973 aliquis,

282 1973 331 2006 ita
356 1979 396 2006 ut
416 1980 602 2016 cognoscat
629 1973 758 2006 bonum
782 1975 1016 2020 malumque,'’
1041 1987 1113 2009 non
1139 1987 1210 2020 quo
1238 1986 1293 2015 eo,
1319 1975 1414 2019 quod
1439 1987 1510 2007 non
1535 1973 1708 2013 obediens

283 2020 363 2060 suit,
387 2021 525 2052 virtutis
563 2026 598 2052 et
621 2021 762 2054 sceleris
799 2023 1034 2065 cognitionem
1071 2028 1194 2055 nactus
1220 2027 1329 2061 esset,
1358 2021 1419 2054 sed
1446 2022 1529 2066 quia
1556 2021 1637 2054 talis
1663 2020 1708 2053 ab

282 2067 385 2099 initio
413 2066 580 2099 formatus
607 2072 681 2099 erat
738 2079 842 2112 supra
862 2070 953 2101 enim
979 2068 1070 2101 dixit
1087 2069 1214 2101 biblia:
1243 2069 1398 2100 “creavit
1421 2068 1598 2100 hominem
1622 2067 1709 2100 deus

284 2118 320 2145 ct
345 2114 474 2145 creavit
497 2112 541 2145 ad
577 2113 633 2145 dei
670 2115 888 2157 imaginem.''
948 2115 1114 2148 formatus
1153 2119 1271 2148 autem
1310 2127 1417 2160 quum
1455 2114 1563 2147 fuerit
1586 2111 1630 2146 ad
1651 2113 1707 2146 dei

282 2159 481 2202 imaginem,
521 2165 679 2204 apertum
709 2166 772 2201 est,
795 2161 934 2194 insitam
972 2162 1014 2195 ab
1041 2162 1142 2194 initio
1170 2162 1243 2194 eius
1268 2167 1416 2194 naturae
1442 2160 1528 2193 boni
1551 2160 1709 2205 malique

283 2206 518 2249 cognitionem
547 2207 664 2241 fuisse.
712 2219 818 2252 quare
837 2220 880 2240 ne
905 2207 1070 2241 libertate
1097 2214 1209 2248 utens,
1233 2207 1376 2241 vitalem
1401 2207 1559 2240 arborem
1584 2206 1709 2248 adiret,

284 2252 454 2296 fieretque
484 2253 593 2285 malus
619 2253 836 2295 immortalis,
862 2256 1029 2298 expulsus
1066 2261 1119 2288 est
1143 2266 1220 2288 cum
1245 2255 1314 2288 Eva
1339 2255 1375 2286 in
1401 2254 1575 2297 regionem
1604 2265 1710 2298 quam

283 2299 475 2340 incoleret3
505 2299 590 2343 quid
618 2301 710 2332 enim
748 2306 830 2344 post
866 2301 951 2333 haec
983 2302 1100 2334 omnia
1138 2311 1231 2334 sacra
1270 2300 1463 2345 scriptura?
1507 2305 1569 2332 “et
1592 2300 1711 2333 emisit

286 2356 365 2378 eum
390 2345 475 2378 deus
499 2345 660 2378 dominus
689 2357 731 2379 ex
750 2347 911 2390 paradiso
937 2348 1168 2392 voluptatum,
1197 2353 1235 2380 ut
1252 2353 1377 2380 terram
1403 2348 1546 2386 coleret,
1571 2357 1615 2378 ex
1639 2357 1709 2391 qua
1761 2389 1769 2392 -

285 2397 443 2436 sumptus
472 2398 556 2431 erat,
581 2398 616 2424 et
641 2395 787 2425 extrusit
807 2393 975 2426 Adamum
991 2393 1159 2438 deditque
1177 2393 1390 2426 domicilium
1415 2393 1538 2438 procul
1561 2403 1580 2424 a
1606 2394 1711 2426 volu-

284 2438 441 2481 ptatibus
467 2438 615 2482 paradisi
636 2464 644 2470 .
681 2444 715 2470 et
738 2439 917 2473 cherubim
943 2440 1150 2481 collocavit,
1176 2440 1401 2484 gladiumque
1426 2440 1621 2472 flammeum
1646 2438 1707 2485 qui

287 2485 580 2529 circum-‘agebatur
604 2485 647 2517 ad
671 2487 760 2517 viam
786 2487 902 2519 vitalis
928 2486 1062 2519 arboris
1090 2487 1367 2520 custodiendam.

377 2532 529 2575 Expulso
554 2543 597 2563 ex
622 2533 723 2564 felice
749 2533 888 2576 regione
923 2533 1064 2565 homine
1088 2534 1207 2566 invicti
1235 2539 1271 2566 et
1305 2531 1563 2575 vigilantissimi
1587 2535 1709 2564 custo-

286 2576 347 2609 des
377 2578 419 2609 ad
455 2577 712 2611 defendendam
746 2579 862 2611 vitalis
895 2579 1028 2611 arboris
1069 2581 1158 2611 viam
1191 2585 1273 2612 sunt
1303 2579 1487 2619 collocati,
1529 2582 1569 2610 ut
1603 2586 1708 2610 nemo

284 2623 321 2655 in
347 2629 520 2666 posterum
546 2624 590 2657 ad
614 2625 712 2657 illum
737 2626 851 2658 locum
877 2626 1032 2669 profanis
1059 2626 1209 2670 pedibus
1234 2626 1398 2658 accedere
1432 2630 1559 2669 posset.
1607 2633 1709 2656 nam·

285 2680 353 2711 que
378 2669 554 2702 flammans
583 2671 716 2714 gladius
739 2671 789 2704 ibi
814 2674 947 2717 positus
965 2678 1028 2709 est,
1053 2678 1101 2712 ut,
1126 2673 1154 2704 si
1179 2673 1258 2716 quis
1285 2683 1303 2705 e
1330 2678 1422 2705 terra
1448 2673 1558 2704 sactus
1579 2679 1709 2714 appro-

283 2716 516 2760 pinquaverit,
537 2719 606 2762 igni
631 2724 853 2752 consumatur
876 2719 1052 2764 extemplo
1077 2724 1112 2754 et
1137 2719 1298 2753 intereat.
1327 2717 1571 2763 circumagitur
1590 2720 1709 2749 autem
