<?xml version="1.0" encoding="UTF-8"?>
<!DOCTYPE html PUBLIC "-//W3C//DTD XHTML 1.0 Transitional//EN"
    "http://www.w3.org/TR/xhtml1/DTD/xhtml1-transitional.dtd">
<html xmlns="http://www.w3.org/1999/xhtml" xml:lang="en" lang="en">
 <head>
  <title>
</title>
<meta http-equiv="Content-Type" content="text/html;charset=utf-8" />
  <meta name='ocr-system' content='tesseract 3.04.00' />
  <meta name='ocr-capabilities' content='ocr_page ocr_carea ocr_par ocr_line ocrx_word'/>
</head>
<body>
  <div class='ocr_page' id='page_1' title='image "./corpusscriptorum34niebuoft/corpusscriptorum34niebuoft_0329.png"; bbox 0 0 1838 3132; ppageno 0'>
   <div class='ocr_carea' id='block_1_1' title="bbox 582 137 1541 183">
    <p class='ocr_par' dir='ltr' id='par_1_1' title="bbox 582 137 1541 183">
     <span class='ocr_line' id='line_1_1' title="bbox 582 137 1541 183; baseline 0.001 -2"><span class='ocrx_word' id='word_1_1' title='bbox 582 139 1075 183; x_wconf 47' lang='lat' dir='ltr'><strong>CHRONOGRAPHIAi.</strong></span> <span class='ocrx_word' id='word_1_2' title='bbox 1446 137 1541 183; x_wconf 82' lang='lat'><strong>317</strong></span> 
     </span>
    </p>
   </div>
   <div class='ocr_carea' id='block_1_2' title="bbox 35 238 1673 1751">
    <p class='ocr_par' dir='ltr' id='par_1_2' title="bbox 98 238 1546 298">
     <span class='ocr_line' id='line_1_2' title="bbox 98 238 1546 298; baseline -0.002 -14"><span class='ocrx_word' id='word_1_3' title='bbox 98 257 217 298; x_wconf 82' lang='grc' dir='ltr'><em>φωνα</em></span> <span class='ocrx_word' id='word_1_4' title='bbox 258 242 330 297; x_wconf 74' lang='grc' dir='ltr'><strong>τῆς</strong></span> <span class='ocrx_word' id='word_1_5' title='bbox 371 239 535 296; x_wconf 75' lang='grc' dir='ltr'><em>εἶρήνης</em></span> <span class='ocrx_word' id='word_1_6' title='bbox 573 240 645 282; x_wconf 76' lang='grc' dir='ltr'><strong><em>καί</em></strong></span> <span class='ocrx_word' id='word_1_7' title='bbox 686 238 739 281; x_wconf 73' lang='grc' dir='ltr'><strong>τὰ</strong></span> <span class='ocrx_word' id='word_1_8' title='bbox 769 240 926 294; x_wconf 76' lang='grc' dir='ltr'><em>γαμικὰ</em></span> <span class='ocrx_word' id='word_1_9' title='bbox 959 240 1220 295; x_wconf 79' lang='grc' dir='ltr'><em>α’λλάγματα,</em></span> <span class='ocrx_word' id='word_1_10' title='bbox 1250 238 1373 296; x_wconf 77' lang='grc' dir='ltr'><em>ὀγδόῃ</em></span> <span class='ocrx_word' id='word_1_11' title='bbox 1397 239 1445 281; x_wconf 80' lang='grc' dir='ltr'><strong>δὲ</strong></span> <span class='ocrx_word' id='word_1_12' title='bbox 1471 241 1546 281; x_wconf 79' lang='grc' dir='ltr'><em>τοῦ</em></span> 
     </span>
    </p>

    <p class='ocr_par' dir='ltr' id='par_1_3' title="bbox 97 301 1546 495">
     <span class='ocr_line' id='line_1_3' title="bbox 98 301 1545 362; baseline -0.003 -13"><span class='ocrx_word' id='word_1_13' title='bbox 98 309 344 361; x_wconf 77' lang='grc' dir='ltr'><em>Ὁκτωβριόυ</em></span> <span class='ocrx_word' id='word_1_14' title='bbox 383 310 558 361; x_wconf 76' lang='grc' dir='ltr'><em>ἐξῆλθεν</em></span> <span class='ocrx_word' id='word_1_15' title='bbox 596 303 617 346; x_wconf 78' lang='grc' dir='ltr'>ὅ</span> <span class='ocrx_word' id='word_1_16' title='bbox 654 307 916 361; x_wconf 77' lang='grc' dir='ltr'><em>πατριάρχης</em></span> <span class='ocrx_word' id='word_1_17' title='bbox 947 308 1159 362; x_wconf 76' lang='grc' dir='ltr'><em>Στέφανος</em></span> <span class='ocrx_word' id='word_1_18' title='bbox 1201 301 1290 360; x_wconf 82' lang='grc' dir='ltr'><strong>ἅμα</strong></span> <span class='ocrx_word' id='word_1_19' title='bbox 1330 306 1545 360; x_wconf 80' lang='grc' dir='ltr'><em>Θεοφάνει</em></span> 
     </span>
     <span class='ocr_line' id='line_1_4' title="bbox 97 370 1544 430; baseline -0.002 -15"><span class='ocrx_word' id='word_1_20' title='bbox 97 375 466 430; x_wconf 67' lang='grc' dir='ltr'><em>πρωτοβεστιαριίρ</em></span> <span class='ocrx_word' id='word_1_21' title='bbox 514 370 587 413; x_wconf 78' lang='grc' dir='ltr'><em>καί</em></span> <span class='ocrx_word' id='word_1_22' title='bbox 616 372 769 429; x_wconf 66' lang='grc' dir='ltr'><strong>ΙΙΙαρίᾳ</strong></span> <span class='ocrx_word' id='word_1_23' title='bbox 807 373 859 427; x_wconf 82' lang='grc' dir='ltr'><strong>τῇ</strong></span> <span class='ocrx_word' id='word_1_24' title='bbox 900 375 977 413; x_wconf 84' lang='grc' dir='ltr'><em>τοῦ</em></span> <span class='ocrx_word' id='word_1_25' title='bbox 1003 375 1209 426; x_wconf 77' lang='grc' dir='ltr'><em>βασιλέως</em></span> <span class='ocrx_word' id='word_1_26' title='bbox 1238 371 1544 427; x_wconf 85' lang='grc' dir='ltr'><em>Χριστοφόρου</em></span> 
     </span>
     <span class='ocr_line' id='line_1_5' title="bbox 98 436 1546 495; baseline -0.003 -13"><span class='ocrx_word' id='word_1_27' title='bbox 98 439 281 495; x_wconf 74' lang='grc' dir='ltr'><em>θυγατρί</em></span> <span class='ocrx_word' id='word_1_28' title='bbox 309 442 383 481; x_wconf 74' lang='grc' dir='ltr'><strong>καί</strong></span> <span class='ocrx_word' id='word_1_29' title='bbox 419 438 529 495; x_wconf 81' lang='grc' dir='ltr'><em>πάσῃ</em></span> <span class='ocrx_word' id='word_1_30' title='bbox 558 440 608 495; x_wconf 76' lang='grc' dir='ltr'><strong>τῇ</strong></span> <span class='ocrx_word' id='word_1_31' title='bbox 639 437 855 495; x_wconf 75' lang='grc' dir='ltr'><strong><em>συγκλήτῳ</em></strong></span> <span class='ocrx_word' id='word_1_32' title='bbox 895 439 955 487; x_wconf 83' lang='grc' dir='ltr'><em>εἰς</em></span> <span class='ocrx_word' id='word_1_33' title='bbox 986 439 1054 480; x_wconf 85' lang='grc' dir='ltr'><em>τὸν</em></span> <span class='ocrx_word' id='word_1_34' title='bbox 1090 436 1191 480; x_wconf 84' lang='grc' dir='ltr'><em>ναὸν</em></span> <span class='ocrx_word' id='word_1_35' title='bbox 1220 440 1292 493; x_wconf 72' lang='grc' dir='ltr'><strong>τῆς</strong></span> <span class='ocrx_word' id='word_1_36' title='bbox 1318 437 1546 491; x_wconf 75' lang='grc' dir='ltr'><em>ὑπεραγίας</em></span> 
     </span>
    </p>

    <p class='ocr_par' dir='ltr' id='par_1_4' title="bbox 66 502 1546 825">
     <span class='ocr_line' id='line_1_6' title="bbox 66 502 1544 559; baseline 0 -12"><span class='ocrx_word' id='word_1_37' title='bbox 66 506 302 547; x_wconf 74' lang='grc' dir='ltr'><em>ὅθεοτόκου</em></span> <span class='ocrx_word' id='word_1_38' title='bbox 332 507 404 559; x_wconf 79' lang='grc' dir='ltr'><strong>τῆς</strong></span> <span class='ocrx_word' id='word_1_39' title='bbox 432 505 594 558; x_wconf 81' lang='grc' dir='ltr'><em>Πηγῆς,</em></span> <span class='ocrx_word' id='word_1_40' title='bbox 620 505 693 545; x_wconf 83' lang='grc' dir='ltr'><strong><em>καί</em></strong></span> <span class='ocrx_word' id='word_1_41' title='bbox 717 502 940 558; x_wconf 76' lang='grc' dir='ltr'>εὐλόγησεν</span> <span class='ocrx_word' id='word_1_42' title='bbox 969 506 1135 558; x_wconf 80' lang='grc' dir='ltr'><em>Πέτρον</em></span> <span class='ocrx_word' id='word_1_43' title='bbox 1170 520 1216 547; x_wconf 89' lang='grc' dir='ltr'><em>τε</em></span> <span class='ocrx_word' id='word_1_44' title='bbox 1247 506 1320 546; x_wconf 83' lang='grc' dir='ltr'><strong><em>καί</em></strong></span> <span class='ocrx_word' id='word_1_45' title='bbox 1348 505 1544 558; x_wconf 69' lang='grc' dir='ltr'><em>111αρίαν.</em></span> 
     </span>
     <span class='ocr_line' id='line_1_7' title="bbox 97 569 1546 626; baseline -0.001 -14"><span class='ocrx_word' id='word_1_46' title='bbox 97 572 293 625; x_wconf 82' lang='grc' dir='ltr'><em>λαμπρᾶς</em></span> <span class='ocrx_word' id='word_1_47' title='bbox 321 572 367 612; x_wconf 80' lang='grc' dir='ltr'><strong>δὲ</strong></span> <span class='ocrx_word' id='word_1_48' title='bbox 395 573 468 611; x_wconf 80' lang='grc' dir='ltr'><strong>καί</strong></span> <span class='ocrx_word' id='word_1_49' title='bbox 509 571 759 618; x_wconf 82' lang='grc' dir='ltr'><em>πολυτελοῦς</em></span> <span class='ocrx_word' id='word_1_50' title='bbox 785 573 1006 624; x_wconf 77' lang='grc' dir='ltr'><em>γενομένης</em></span> <span class='ocrx_word' id='word_1_51' title='bbox 1033 572 1251 626; x_wconf 74' lang='grc' dir='ltr'><strong><em>τραπέζης,</em></strong></span> <span class='ocrx_word' id='word_1_52' title='bbox 1280 569 1353 612; x_wconf 82' lang='grc' dir='ltr'>καί</span> <span class='ocrx_word' id='word_1_53' title='bbox 1378 569 1546 611; x_wconf 80' lang='grc' dir='ltr'><em>πάντων</em></span> 
     </span>
     <span class='ocr_line' id='line_1_8' title="bbox 96 635 1546 691; baseline -0.001 -13"><span class='ocrx_word' id='word_1_54' title='bbox 96 637 180 678; x_wconf 72' lang='grc' dir='ltr'><em>τῶν</em></span> <span class='ocrx_word' id='word_1_55' title='bbox 212 637 462 688; x_wconf 75' lang='grc' dir='ltr'>εἰθισμένων</span> <span class='ocrx_word' id='word_1_56' title='bbox 503 641 589 683; x_wconf 82' lang='grc' dir='ltr'><em>τοῖς</em></span> <span class='ocrx_word' id='word_1_57' title='bbox 613 635 764 688; x_wconf 78' lang='grc' dir='ltr'><em>γάμοις</em></span> <span class='ocrx_word' id='word_1_58' title='bbox 803 637 997 691; x_wconf 79' lang='grc' dir='ltr'><strong><em>φαιδρῶς</em></strong></span> <span class='ocrx_word' id='word_1_59' title='bbox 1025 638 1382 689; x_wconf 75' lang='grc' dir='ltr'><strong><em>ἐπιτελεσθέντων,</em></strong></span> <span class='ocrx_word' id='word_1_60' title='bbox 1410 635 1546 690; x_wconf 78' lang='grc' dir='ltr'><em>εἰσῆλ-</em></span> 
     </span>
     <span class='ocr_line' id='line_1_9' title="bbox 95 698 1546 759; baseline 0 -16"><span class='ocrx_word' id='word_1_61' title='bbox 95 705 171 743; x_wconf 72' lang='grc' dir='ltr'><strong>θεν</strong></span> <span class='ocrx_word' id='word_1_62' title='bbox 200 699 416 757; x_wconf 71' lang='grc' dir='ltr'><em>Θεοφάνης</em></span> <span class='ocrx_word' id='word_1_63' title='bbox 456 703 835 755; x_wconf 78' lang='grc' dir='ltr'><em>πρωτοβεστιάριος</em></span> <span class='ocrx_word' id='word_1_64' title='bbox 877 698 966 754; x_wconf 76' lang='grc' dir='ltr'><strong>ἅμα</strong></span> <span class='ocrx_word' id='word_1_65' title='bbox 996 705 1150 759; x_wconf 70' lang='grc' dir='ltr'><em>ΙΙἸαριζι</em></span> <span class='ocrx_word' id='word_1_66' title='bbox 1185 704 1235 759; x_wconf 82' lang='grc' dir='ltr'><strong>τῇ</strong></span> <span class='ocrx_word' id='word_1_67' title='bbox 1263 701 1445 757; x_wconf 70' lang='grc' dir='ltr'><em>θυγατρί</em></span> <span class='ocrx_word' id='word_1_68' title='bbox 1469 703 1546 743; x_wconf 81' lang='grc' dir='ltr'><em>τοῦ</em></span> 
     </span>
     <span class='ocr_line' id='line_1_10' title="bbox 93 765 1543 825; baseline 0 -16"><span class='ocrx_word' id='word_1_69' title='bbox 93 769 298 821; x_wconf 82' lang='grc' dir='ltr'><em>βασιλέως</em></span> <span class='ocrx_word' id='word_1_70' title='bbox 325 768 370 809; x_wconf 75' lang='grc' dir='ltr'><em>ἐν</em></span> <span class='ocrx_word' id='word_1_71' title='bbox 398 768 450 824; x_wconf 82' lang='grc' dir='ltr'><strong>τῇ</strong></span> <span class='ocrx_word' id='word_1_72' title='bbox 480 766 610 810; x_wconf 76' lang='grc' dir='ltr'><em>πόλει.</em></span> <span class='ocrx_word' id='word_1_73' title='bbox 668 769 720 823; x_wconf 80' lang='grc' dir='ltr'><strong>τῇ</strong></span> <span class='ocrx_word' id='word_1_74' title='bbox 750 767 796 808; x_wconf 78' lang='grc' dir='ltr'><strong>δὲ</strong></span> <span class='ocrx_word' id='word_1_75' title='bbox 825 768 944 825; x_wconf 74' lang='grc' dir='ltr'><em>τρίτῃ</em></span> <span class='ocrx_word' id='word_1_76' title='bbox 973 770 1048 810; x_wconf 78' lang='grc' dir='ltr'><em>τοῦ</em></span> <span class='ocrx_word' id='word_1_77' title='bbox 1073 765 1210 821; x_wconf 78' lang='grc' dir='ltr'><em>γάμου</em></span> <span class='ocrx_word' id='word_1_78' title='bbox 1237 769 1373 824; x_wconf 77' lang='grc' dir='ltr'><em>ἡμέρᾳ</em></span> <span class='ocrx_word' id='word_1_79' title='bbox 1401 769 1543 823; x_wconf 75' lang='grc' dir='ltr'><em>ἐποίη-</em></span> 
     </span>
    </p>

    <p class='ocr_par' dir='ltr' id='par_1_5' title="bbox 40 830 1582 1156">
     <span class='ocr_line' id='line_1_11' title="bbox 40 830 1582 892; baseline -0.001 -14"><span class='ocrx_word' id='word_1_80' title='bbox 40 845 166 880; x_wconf 83' lang='grc' dir='ltr'><em>Ῑοσεν</em></span> <span class='ocrx_word' id='word_1_81' title='bbox 191 830 213 875; x_wconf 78' lang='grc' dir='ltr'><strong><em>ὅ</em></strong></span> <span class='ocrx_word' id='word_1_82' title='bbox 258 832 458 887; x_wconf 73' lang='grc' dir='ltr'><em>βασιλεὺς</em></span> <span class='ocrx_word' id='word_1_83' title='bbox 481 833 694 885; x_wconf 86' lang='grc' dir='ltr'><em>Ῥωμανός</em></span> <span class='ocrx_word' id='word_1_84' title='bbox 723 833 908 887; x_wconf 70' lang='grc' dir='ltr'><em>εὐωχίαν</em></span> <span class='ocrx_word' id='word_1_85' title='bbox 948 833 1147 888; x_wconf 76' lang='grc' dir='ltr'><em>λαμπράν</em></span> <span class='ocrx_word' id='word_1_86' title='bbox 1178 837 1222 876; x_wconf 86' lang='grc' dir='ltr'><strong>έν</strong></span> <span class='ocrx_word' id='word_1_87' title='bbox 1252 835 1302 892; x_wconf 80' lang='grc' dir='ltr'><strong>τῇ</strong></span> <span class='ocrx_word' id='word_1_88' title='bbox 1329 835 1412 876; x_wconf 70' lang='grc' dir='ltr'><em>τῶν</em></span> <span class='ocrx_word' id='word_1_89' title='bbox 1439 837 1582 890; x_wconf 63' lang='lat' dir='ltr'><em>Thy-D</em></span> 
     </span>
     <span class='ocr_line' id='line_1_12' title="bbox 90 898 1542 958; baseline 0.001 -16"><span class='ocrx_word' id='word_1_90' title='bbox 90 903 175 955; x_wconf 76' lang='grc' dir='ltr'><em>γαῖν</em></span> <span class='ocrx_word' id='word_1_91' title='bbox 206 898 443 958; x_wconf 67' lang='grc' dir='ltr'><em>ἀποβάθρᾳ.</em></span> <span class='ocrx_word' id='word_1_92' title='bbox 476 901 559 941; x_wconf 76' lang='grc' dir='ltr'><em>τῶν</em></span> <span class='ocrx_word' id='word_1_93' title='bbox 589 901 636 941; x_wconf 78' lang='grc' dir='ltr'><strong>δὲ</strong></span> <span class='ocrx_word' id='word_1_94' title='bbox 665 899 920 954; x_wconf 82' lang='grc' dir='ltr'><em>Βουλγάρων</em></span> <span class='ocrx_word' id='word_1_95' title='bbox 949 898 1142 942; x_wconf 77' lang='grc' dir='ltr'><em>ἔνστασιν</em></span> <span class='ocrx_word' id='word_1_96' title='bbox 1171 900 1220 942; x_wconf 81' lang='grc' dir='ltr'><em>οὐ</em></span> <span class='ocrx_word' id='word_1_97' title='bbox 1241 899 1397 954; x_wconf 70' lang='grc' dir='ltr'><em>μικράν</em></span> <span class='ocrx_word' id='word_1_98' title='bbox 1424 917 1542 957; x_wconf 76' lang='grc' dir='ltr'><em>ποιη-</em></span> 
     </span>
     <span class='ocr_line' id='line_1_13' title="bbox 90 963 1546 1022; baseline 0 -13"><span class='ocrx_word' id='word_1_99' title='bbox 90 969 282 1020; x_wconf 87' lang='grc' dir='ltr'><em>σαμένων</em></span> <span class='ocrx_word' id='word_1_100' title='bbox 309 966 508 1020; x_wconf 85' lang='grc' dir='ltr'><em>πρότερον</em></span> <span class='ocrx_word' id='word_1_101' title='bbox 536 965 823 1021; x_wconf 78' lang='grc' dir='ltr'><em>εὖφημεῖσθαι</em></span> <span class='ocrx_word' id='word_1_102' title='bbox 836 965 1148 1022; x_wconf 81' lang='grc' dir='ltr'><em>Χριστοφόρον,</em></span> <span class='ocrx_word' id='word_1_103' title='bbox 1175 963 1260 1009; x_wconf 73' lang='grc' dir='ltr'><em>εἶθ’</em></span> <span class='ocrx_word' id='word_1_104' title='bbox 1287 964 1397 1009; x_wconf 72' lang='grc' dir='ltr'><em>οὕτω</em></span> <span class='ocrx_word' id='word_1_105' title='bbox 1422 970 1546 1010; x_wconf 85' lang='grc' dir='ltr'><em>Κων-</em></span> 
     </span>
     <span class='ocr_line' id='line_1_14' title="bbox 90 1029 1544 1087; baseline -0.001 -12"><span class='ocrx_word' id='word_1_106' title='bbox 90 1038 323 1086; x_wconf 86' lang='grc' dir='ltr'><em>σταντῖνον,</em></span> <span class='ocrx_word' id='word_1_107' title='bbox 355 1030 520 1082; x_wconf 77' lang='grc' dir='ltr'><em>ὕπειξεν</em></span> <span class='ocrx_word' id='word_1_108' title='bbox 549 1033 599 1087; x_wconf 85' lang='grc' dir='ltr'><strong>τῇ</strong></span> <span class='ocrx_word' id='word_1_109' title='bbox 630 1030 820 1074; x_wconf 79' lang='grc' dir='ltr'><em>ἐνστάσει</em></span> <span class='ocrx_word' id='word_1_110' title='bbox 852 1029 874 1071; x_wconf 80' lang='grc' dir='ltr'>ὅ</span> <span class='ocrx_word' id='word_1_111' title='bbox 904 1031 1126 1086; x_wconf 79' lang='grc' dir='ltr'><em>βασιλεύς,</em></span> <span class='ocrx_word' id='word_1_112' title='bbox 1153 1033 1224 1078; x_wconf 81' lang='grc' dir='ltr'>καί</span> <span class='ocrx_word' id='word_1_113' title='bbox 1248 1037 1412 1087; x_wconf 79' lang='grc' dir='ltr'><em>γέγονεν</em></span> <span class='ocrx_word' id='word_1_114' title='bbox 1442 1031 1544 1087; x_wconf 77' lang='grc' dir='ltr'><em>ὅπερ</em></span> 
     </span>
     <span class='ocr_line' id='line_1_15' title="bbox 91 1094 1544 1156; baseline 0.001 -16"><span class='ocrx_word' id='word_1_115' title='bbox 91 1099 306 1156; x_wconf 75' lang='grc' dir='ltr'><em>ᾐτήσαντο.</em></span> <span class='ocrx_word' id='word_1_116' title='bbox 373 1097 516 1151; x_wconf 75' lang='grc' dir='ltr'><em>ἐπειδὴ</em></span> <span class='ocrx_word' id='word_1_117' title='bbox 554 1099 602 1139; x_wconf 77' lang='grc' dir='ltr'><strong>δὲ</strong></span> <span class='ocrx_word' id='word_1_118' title='bbox 630 1094 766 1139; x_wconf 79' lang='grc' dir='ltr'><em>πάντα</em></span> <span class='ocrx_word' id='word_1_119' title='bbox 804 1100 847 1141; x_wconf 80' lang='grc' dir='ltr'><em>ἐν</em></span> <span class='ocrx_word' id='word_1_120' title='bbox 875 1105 961 1148; x_wconf 83' lang='grc' dir='ltr'><em>τοῖς</em></span> <span class='ocrx_word' id='word_1_121' title='bbox 999 1099 1150 1153; x_wconf 72' lang='grc' dir='ltr'><em>γάμοις</em></span> <span class='ocrx_word' id='word_1_122' title='bbox 1172 1103 1544 1155; x_wconf 73' lang='grc' dir='ltr'><em>συνετελέσθησαν,</em></span> 
     </span>
    </p>

    <p class='ocr_par' dir='ltr' id='par_1_6' title="bbox 37 1162 1545 1486">
     <span class='ocr_line' id='line_1_16' title="bbox 37 1162 1544 1219; baseline 0.001 -13"><span class='ocrx_word' id='word_1_123' title='bbox 37 1178 80 1213; x_wconf 70' lang='lat'><strong>15</strong></span> <span class='ocrx_word' id='word_1_124' title='bbox 94 1167 166 1206; x_wconf 82' lang='grc' dir='ltr'>καί</span> <span class='ocrx_word' id='word_1_125' title='bbox 207 1164 351 1217; x_wconf 82' lang='grc' dir='ltr'><em>ἔμελλε</em></span> <span class='ocrx_word' id='word_1_126' title='bbox 382 1166 540 1218; x_wconf 82' lang='grc' dir='ltr'><em>Μαρία</em></span> <span class='ocrx_word' id='word_1_127' title='bbox 574 1163 649 1219; x_wconf 67' lang='grc' dir='ltr'><em>τὴν</em></span> <span class='ocrx_word' id='word_1_128' title='bbox 692 1164 795 1217; x_wconf 86' lang='grc' dir='ltr'><em>πρὸς</em></span> <span class='ocrx_word' id='word_1_129' title='bbox 825 1167 1098 1219; x_wconf 86' lang='grc' dir='ltr'><em>Βουλγαριάν</em></span> <span class='ocrx_word' id='word_1_130' title='bbox 1144 1164 1245 1207; x_wconf 78' lang='grc' dir='ltr'><em>ὄὸὁν</em></span> <span class='ocrx_word' id='word_1_131' title='bbox 1290 1162 1474 1218; x_wconf 75' lang='grc' dir='ltr'><em>ὅδευέιν,</em></span> <span class='ocrx_word' id='word_1_132' title='bbox 1504 1164 1544 1207; x_wconf 82' lang='grc' dir='ltr'><em>οἱ</em></span> 
     </span>
     <span class='ocr_line' id='line_1_17' title="bbox 91 1229 1545 1289; baseline 0 -17"><span class='ocrx_word' id='word_1_133' title='bbox 91 1229 242 1286; x_wconf 77' lang='grc' dir='ltr'><em>ταύτης</em></span> <span class='ocrx_word' id='word_1_134' title='bbox 282 1237 412 1285; x_wconf 77' lang='grc' dir='ltr'><em>γονεῖς</em></span> <span class='ocrx_word' id='word_1_135' title='bbox 437 1233 567 1288; x_wconf 85' lang='grc' dir='ltr'><em>μέχρι</em></span> <span class='ocrx_word' id='word_1_136' title='bbox 597 1234 674 1275; x_wconf 80' lang='grc' dir='ltr'><em>τοῦ</em></span> <span class='ocrx_word' id='word_1_137' title='bbox 698 1230 898 1285; x_wconf 76' lang='grc' dir='ltr'><em>Ἑβδόμου</em></span> <span class='ocrx_word' id='word_1_138' title='bbox 933 1233 1187 1286; x_wconf 74' lang='grc' dir='ltr'><em>συνεξῆλθον</em></span> <span class='ocrx_word' id='word_1_139' title='bbox 1214 1231 1338 1289; x_wconf 70' lang='grc' dir='ltr'><em>αὐτῇ,</em></span> <span class='ocrx_word' id='word_1_140' title='bbox 1369 1247 1545 1286; x_wconf 80' lang='grc' dir='ltr'><em>περιχυ-</em></span> 
     </span>
     <span class='ocr_line' id='line_1_18' title="bbox 91 1295 1545 1355; baseline 0.001 -17"><span class='ocrx_word' id='word_1_141' title='bbox 91 1301 254 1339; x_wconf 77' lang='grc' dir='ltr'><em>θέντων</em></span> <span class='ocrx_word' id='word_1_142' title='bbox 295 1300 343 1355; x_wconf 83' lang='grc' dir='ltr'><strong>τῇ</strong></span> <span class='ocrx_word' id='word_1_143' title='bbox 373 1302 575 1354; x_wconf 71' lang='grc' dir='ltr'><em>θυγατρί,</em></span> <span class='ocrx_word' id='word_1_144' title='bbox 604 1295 832 1340; x_wconf 74' lang='grc' dir='ltr'><em>καὶπολλὰ</em></span> <span class='ocrx_word' id='word_1_145' title='bbox 866 1298 1068 1351; x_wconf 83' lang='grc' dir='ltr'><em>κατέχεαν</em></span> <span class='ocrx_word' id='word_1_146' title='bbox 1096 1297 1145 1340; x_wconf 82' lang='grc' dir='ltr'><strong>τὰ</strong></span> <span class='ocrx_word' id='word_1_147' title='bbox 1177 1299 1357 1352; x_wconf 82' lang='grc' dir='ltr'><em>δάκρυα,</em></span> <span class='ocrx_word' id='word_1_148' title='bbox 1385 1301 1456 1340; x_wconf 81' lang='grc' dir='ltr'><strong><em>καί</em></strong></span> <span class='ocrx_word' id='word_1_149' title='bbox 1486 1298 1545 1348; x_wconf 74' lang='grc' dir='ltr'><strong>ὥς</strong></span> 
     </span>
     <span class='ocr_line' id='line_1_19' title="bbox 91 1362 1544 1419; baseline 0.001 -15"><span class='ocrx_word' id='word_1_150' title='bbox 91 1362 201 1412; x_wconf 78' lang='grc' dir='ltr'><em>εἰκὸς</em></span> <span class='ocrx_word' id='word_1_151' title='bbox 227 1363 297 1405; x_wconf 78' lang='grc' dir='ltr'><strong>ἐπὶ</strong></span> <span class='ocrx_word' id='word_1_152' title='bbox 322 1363 514 1419; x_wconf 81' lang='grc' dir='ltr'><em>στερήσει</em></span> <span class='ocrx_word' id='word_1_153' title='bbox 542 1364 782 1418; x_wconf 78' lang='grc' dir='ltr'><em>σπλάγχνου</em></span> <span class='ocrx_word' id='word_1_154' title='bbox 823 1366 1130 1418; x_wconf 71' lang='grc' dir='ltr'><em>πεποθημένου.</em></span> <span class='ocrx_word' id='word_1_155' title='bbox 1182 1364 1255 1407; x_wconf 83' lang='grc' dir='ltr'><em>τόν</em></span> <span class='ocrx_word' id='word_1_156' title='bbox 1283 1379 1326 1406; x_wconf 89' lang='grc' dir='ltr'><em>τε</em></span> <span class='ocrx_word' id='word_1_157' title='bbox 1352 1364 1544 1419; x_wconf 84' lang='grc' dir='ltr'><em>γαμβρὸν</em></span> 
     </span>
     <span class='ocr_line' id='line_1_20' title="bbox 93 1428 1542 1486; baseline 0.002 -15"><span class='ocrx_word' id='word_1_158' title='bbox 93 1429 385 1483; x_wconf 75' lang='grc' dir='ltr'><em>ἀσπασάμενοι</em></span> <span class='ocrx_word' id='word_1_159' title='bbox 423 1432 496 1472; x_wconf 84' lang='grc' dir='ltr'><em>καί</em></span> <span class='ocrx_word' id='word_1_160' title='bbox 533 1430 685 1486; x_wconf 77' lang='grc' dir='ltr'><em>ταύτην</em></span> <span class='ocrx_word' id='word_1_161' title='bbox 723 1435 814 1479; x_wconf 82' lang='grc' dir='ltr'><em>ταῖς</em></span> <span class='ocrx_word' id='word_1_162' title='bbox 861 1428 1011 1471; x_wconf 82' lang='grc' dir='ltr'><em>τούτου</em></span> <span class='ocrx_word' id='word_1_163' title='bbox 1051 1428 1174 1485; x_wconf 85' lang='grc' dir='ltr'><em>χερσί</em></span> <span class='ocrx_word' id='word_1_164' title='bbox 1200 1433 1468 1486; x_wconf 79' lang='grc' dir='ltr'><em>περιθέμενοι</em></span> <span class='ocrx_word' id='word_1_165' title='bbox 1495 1432 1542 1474; x_wconf 78' lang='grc' dir='ltr'><em>ἐν</em></span> 
     </span>
    </p>

    <p class='ocr_par' dir='ltr' id='par_1_7' title="bbox 35 1495 1540 1618">
     <span class='ocr_line' id='line_1_21' title="bbox 35 1495 1540 1552; baseline 0.002 -16"><span class='ocrx_word' id='word_1_166' title='bbox 35 1509 80 1544; x_wconf 79' lang='lat'><strong>20</strong></span> <span class='ocrx_word' id='word_1_167' title='bbox 92 1500 178 1544; x_wconf 80' lang='grc' dir='ltr'><em>τοῖς</em></span> <span class='ocrx_word' id='word_1_168' title='bbox 203 1498 432 1547; x_wconf 79' lang='grc' dir='ltr'><em>βασιλείοις</em></span> <span class='ocrx_word' id='word_1_169' title='bbox 460 1495 746 1551; x_wconf 78' lang='grc' dir='ltr'><em>ὑπέστρεψαν.</em></span> <span class='ocrx_word' id='word_1_170' title='bbox 803 1497 959 1550; x_wconf 74' lang='grc' dir='ltr'><em>111αρία</em></span> <span class='ocrx_word' id='word_1_171' title='bbox 990 1497 1036 1537; x_wconf 76' lang='grc' dir='ltr'><strong>δὲ</strong></span> <span class='ocrx_word' id='word_1_172' title='bbox 1065 1499 1370 1551; x_wconf 81' lang='grc' dir='ltr'><em>Βουλγαρικαῖς</em></span> <span class='ocrx_word' id='word_1_173' title='bbox 1397 1513 1540 1552; x_wconf 85' lang='grc' dir='ltr'><em>παρα·-</em></span> 
     </span>
     <span class='ocr_line' id='line_1_22' title="bbox 90 1558 1100 1618; baseline 0 -16"><span class='ocrx_word' id='word_1_174' title='bbox 90 1562 264 1602; x_wconf 75' lang='grc' dir='ltr'><em>δοθεῖσα</em></span> <span class='ocrx_word' id='word_1_175' title='bbox 289 1564 437 1615; x_wconf 71' lang='grc' dir='ltr'><em>χερσίν</em></span> <span class='ocrx_word' id='word_1_176' title='bbox 465 1561 538 1617; x_wconf 75' lang='grc' dir='ltr'><em>τὴν</em></span> <span class='ocrx_word' id='word_1_177' title='bbox 568 1564 638 1604; x_wconf 74' lang='grc' dir='ltr'><strong>ἐπὶ</strong></span> <span class='ocrx_word' id='word_1_178' title='bbox 664 1563 934 1616; x_wconf 84' lang='grc' dir='ltr'><em>Βουλγαριάν</em></span> <span class='ocrx_word' id='word_1_179' title='bbox 963 1558 1100 1618; x_wconf 71' lang='grc' dir='ltr'><em>ἀπῄει.</em></span> 
     </span>
    </p>

    <p class='ocr_par' dir='ltr' id='par_1_8' title="bbox 89 1622 1673 1751">
     <span class='ocr_line' id='line_1_23' title="bbox 205 1622 1673 1682; baseline 0.003 -14"><span class='ocrx_word' id='word_1_180' title='bbox 205 1624 309 1668; x_wconf 86' lang='grc' dir='ltr'><em>Τότε</em></span> <span class='ocrx_word' id='word_1_181' title='bbox 341 1622 393 1669; x_wconf 66' lang='grc' dir='ltr'><strong>δέ</strong></span> <span class='ocrx_word' id='word_1_182' title='bbox 415 1629 610 1682; x_wconf 84' lang='grc' dir='ltr'><em>πρέσβεις</em></span> <span class='ocrx_word' id='word_1_183' title='bbox 645 1627 750 1682; x_wconf 76' lang='grc' dir='ltr'><em>πρὸς</em></span> <span class='ocrx_word' id='word_1_184' title='bbox 778 1629 847 1670; x_wconf 83' lang='grc' dir='ltr'><em>τὸν</em></span> <span class='ocrx_word' id='word_1_185' title='bbox 881 1631 1059 1681; x_wconf 82' lang='grc' dir='ltr'><em>βασιλέα</em></span> <span class='ocrx_word' id='word_1_186' title='bbox 1082 1627 1299 1681; x_wconf 85' lang='grc' dir='ltr'><em>Ῥωμανὸν</em></span> <span class='ocrx_word' id='word_1_187' title='bbox 1331 1631 1377 1671; x_wconf 84' lang='grc' dir='ltr'><em>έκ</em></span> <span class='ocrx_word' id='word_1_188' title='bbox 1401 1632 1540 1672; x_wconf 85' lang='grc' dir='ltr'><em>Μελι-</em></span> <span class='ocrx_word' id='word_1_189' title='bbox 1555 1646 1673 1682; x_wconf 76' lang='lat' dir='ltr'><strong>p‚504</strong></span> 
     </span>
     <span class='ocr_line' id='line_1_24' title="bbox 89 1693 1538 1751; baseline 0.003 -16"><span class='ocrx_word' id='word_1_190' title='bbox 89 1694 204 1748; x_wconf 81' lang='grc' dir='ltr'><em>τινῆς</em></span> <span class='ocrx_word' id='word_1_191' title='bbox 233 1695 501 1749; x_wconf 86' lang='grc' dir='ltr'><em>παρεγένοντο</em></span> <span class='ocrx_word' id='word_1_192' title='bbox 529 1695 741 1751; x_wconf 79' lang='grc' dir='ltr'><em>εἰρηνικὰς</em></span> <span class='ocrx_word' id='word_1_193' title='bbox 778 1693 963 1744; x_wconf 74' lang='grc' dir='ltr'><em>σπονδὰς</em></span> <span class='ocrx_word' id='word_1_194' title='bbox 993 1696 1178 1750; x_wconf 75' lang='grc' dir='ltr'><em>ποιῆσαι.</em></span> <span class='ocrx_word' id='word_1_195' title='bbox 1234 1698 1325 1749; x_wconf 81' lang='grc' dir='ltr'><em>μετ’</em></span> <span class='ocrx_word' id='word_1_196' title='bbox 1353 1694 1403 1738; x_wconf 76' lang='grc' dir='ltr'><em>οὕ</em></span> <span class='ocrx_word' id='word_1_197' title='bbox 1434 1694 1538 1740; x_wconf 64' lang='lat' dir='ltr'><strong>noaz}</strong></span> 
     </span>
    </p>
   </div>
   <div class='ocr_carea' id='block_1_3' title="bbox 88 1866 1542 2762">
    <p class='ocr_par' dir='ltr' id='par_1_9' title="bbox 88 1866 1542 2698">
     <span class='ocr_line' id='line_1_25' title="bbox 92 1866 1539 1913; baseline 0.003 -16"><span class='ocrx_word' id='word_1_198' title='bbox 92 1876 297 1910; x_wconf 81' lang='lat' dir='ltr'><strong>progressus</strong></span> <span class='ocrx_word' id='word_1_199' title='bbox 341 1866 541 1912; x_wconf 82' lang='lat' dir='ltr'><strong>patriarcha</strong></span> <span class='ocrx_word' id='word_1_200' title='bbox 567 1867 770 1913; x_wconf 79' lang='lat' dir='ltr'><strong>Stephanus</strong></span> <span class='ocrx_word' id='word_1_201' title='bbox 810 1879 878 1900; x_wconf 89' lang='lat' dir='ltr'><strong>una</strong></span> <span class='ocrx_word' id='word_1_202' title='bbox 910 1879 987 1900; x_wconf 84' lang='lat' dir='ltr'><strong>cum</strong></span> <span class='ocrx_word' id='word_1_203' title='bbox 1017 1867 1240 1913; x_wconf 78' lang='lat' dir='ltr'>Theophane</span> <span class='ocrx_word' id='word_1_204' title='bbox 1266 1869 1539 1913; x_wconf 81' lang='lat' dir='ltr'><strong>protovestiario</strong></span> 
     </span>
     <span class='ocr_line' id='line_1_26' title="bbox 92 1913 1539 1960; baseline 0.003 -15"><span class='ocrx_word' id='word_1_205' title='bbox 92 1918 129 1946; x_wconf 79' lang='lat' dir='ltr'><strong>ct</strong></span> <span class='ocrx_word' id='word_1_206' title='bbox 154 1913 267 1946; x_wconf 82' lang='lat' dir='ltr'><strong>Maria</strong></span> <span class='ocrx_word' id='word_1_207' title='bbox 293 1913 539 1959; x_wconf 85' lang='lat' dir='ltr'><strong>Christophori</strong></span> <span class='ocrx_word' id='word_1_208' title='bbox 559 1915 782 1960; x_wconf 88' lang='lat' dir='ltr'><strong>imperatoris</strong></span> <span class='ocrx_word' id='word_1_209' title='bbox 808 1915 880 1947; x_wconf 84' lang='lat' dir='ltr'><strong>filia</strong></span> <span class='ocrx_word' id='word_1_210' title='bbox 911 1920 947 1948; x_wconf 82' lang='lat' dir='ltr'><strong>et.</strong></span> <span class='ocrx_word' id='word_1_211' title='bbox 969 1916 1133 1948; x_wconf 80' lang='lat' dir='ltr'><strong>universo</strong></span> <span class='ocrx_word' id='word_1_212' title='bbox 1163 1921 1288 1949; x_wconf 81' lang='lat' dir='ltr'><strong>senatu</strong></span> <span class='ocrx_word' id='word_1_213' title='bbox 1315 1915 1360 1948; x_wconf 83' lang='lat' dir='ltr'><strong>ad</strong></span> <span class='ocrx_word' id='word_1_214' title='bbox 1387 1917 1539 1950; x_wconf 81' lang='lat' dir='ltr'><strong>sanctis-</strong></span> 
     </span>
     <span class='ocr_line' id='line_1_27' title="bbox 90 1959 1540 2007; baseline 0.003 -15"><span class='ocrx_word' id='word_1_215' title='bbox 90 1960 198 1992; x_wconf 82' lang='lat' dir='ltr'>simae</span> <span class='ocrx_word' id='word_1_216' title='bbox 222 1959 387 2005; x_wconf 80' lang='lat' dir='ltr'>deiparae</span> <span class='ocrx_word' id='word_1_217' title='bbox 416 1963 590 2006; x_wconf 86' lang='lat' dir='ltr'><strong>templum</strong></span> <span class='ocrx_word' id='word_1_218' title='bbox 625 1962 670 1995; x_wconf 87' lang='lat' dir='ltr'><strong>ad</strong></span> <span class='ocrx_word' id='word_1_219' title='bbox 696 1963 825 2006; x_wconf 82' lang='lat' dir='ltr'><strong>Pegas,</strong></span> <span class='ocrx_word' id='word_1_220' title='bbox 854 1963 993 1995; x_wconf 87' lang='lat' dir='ltr'><strong>Petrum</strong></span> <span class='ocrx_word' id='word_1_221' title='bbox 1034 1968 1069 1996; x_wconf 85' lang='lat' dir='ltr'><strong>et</strong></span> <span class='ocrx_word' id='word_1_222' title='bbox 1096 1964 1241 1995; x_wconf 83' lang='lat' dir='ltr'><strong>Mariam</strong></span> <span class='ocrx_word' id='word_1_223' title='bbox 1267 1964 1446 2007; x_wconf 80' lang='lat' dir='ltr'><strong>coniugali</strong></span> <span class='ocrx_word' id='word_1_224' title='bbox 1474 1963 1540 1997; x_wconf 88' lang='lat' dir='ltr'><strong>be-</strong></span> 
     </span>
     <span class='ocr_line' id='line_1_28' title="bbox 90 2006 1541 2054; baseline 0.003 -16"><span class='ocrx_word' id='word_1_225' title='bbox 90 2006 296 2040; x_wconf 80' lang='lat' dir='ltr'><strong>nedictione</strong></span> <span class='ocrx_word' id='word_1_226' title='bbox 319 2009 491 2051; x_wconf 80' lang='lat' dir='ltr'><strong>sociavit3</strong></span> <span class='ocrx_word' id='word_1_227' title='bbox 521 2021 715 2054; x_wconf 81' lang='lat' dir='ltr'><strong>mensaque</strong></span> <span class='ocrx_word' id='word_1_228' title='bbox 737 2014 942 2053; x_wconf 86' lang='lat' dir='ltr'><strong>sumptuosa</strong></span> <span class='ocrx_word' id='word_1_229' title='bbox 969 2014 1005 2043; x_wconf 85' lang='lat' dir='ltr'><strong>et</strong></span> <span class='ocrx_word' id='word_1_230' title='bbox 1031 2011 1377 2051; x_wconf 72' lang='lat' dir='ltr'><strong>magnificentissima</strong></span> <span class='ocrx_word' id='word_1_231' title='bbox 1404 2011 1541 2044; x_wconf 82' lang='lat' dir='ltr'><strong>instru-</strong></span> 
     </span>
     <span class='ocr_line' id='line_1_29' title="bbox 90 2055 1540 2104; baseline 0.003 -19"><span class='ocrx_word' id='word_1_232' title='bbox 90 2059 157 2094; x_wconf 86' lang='lat' dir='ltr'><strong>cta,</strong></span> <span class='ocrx_word' id='word_1_233' title='bbox 184 2055 396 2100; x_wconf 82' lang='lat' dir='ltr'><strong>cunctisque</strong></span> <span class='ocrx_word' id='word_1_234' title='bbox 426 2056 470 2088; x_wconf 79' lang='lat' dir='ltr'><strong>ad</strong></span> <span class='ocrx_word' id='word_1_235' title='bbox 498 2058 701 2101; x_wconf 75' lang='lat' dir='ltr'>nuptiarum</span> <span class='ocrx_word' id='word_1_236' title='bbox 727 2057 901 2088; x_wconf 81' lang='lat' dir='ltr'><strong>solemnia</strong></span> <span class='ocrx_word' id='word_1_237' title='bbox 921 2057 1164 2101; x_wconf 75' lang='lat' dir='ltr'>spectantibus</span> <span class='ocrx_word' id='word_1_238' title='bbox 1185 2059 1249 2090; x_wconf 84' lang='lat' dir='ltr'><strong>rite</strong></span> <span class='ocrx_word' id='word_1_239' title='bbox 1275 2057 1540 2104; x_wconf 81' lang='lat' dir='ltr'><strong>splendideque</strong></span> 
     </span>
     <span class='ocr_line' id='line_1_30' title="bbox 90 2101 1540 2150; baseline 0.004 -18"><span class='ocrx_word' id='word_1_240' title='bbox 90 2101 257 2144; x_wconf 78' lang='lat' dir='ltr'><strong>peractis,</strong></span> <span class='ocrx_word' id='word_1_241' title='bbox 283 2102 526 2147; x_wconf 79' lang='lat' dir='ltr'><strong>Theophanes</strong></span> <span class='ocrx_word' id='word_1_242' title='bbox 551 2103 850 2148; x_wconf 76' lang='lat' dir='ltr'><strong>protovestiarius</strong></span> <span class='ocrx_word' id='word_1_243' title='bbox 877 2115 947 2136; x_wconf 85' lang='lat' dir='ltr'><strong>una</strong></span> <span class='ocrx_word' id='word_1_244' title='bbox 972 2115 1052 2136; x_wconf 87' lang='lat' dir='ltr'><strong>cum</strong></span> <span class='ocrx_word' id='word_1_245' title='bbox 1079 2105 1190 2137; x_wconf 83' lang='lat' dir='ltr'><strong>Maria</strong></span> <span class='ocrx_word' id='word_1_246' title='bbox 1218 2105 1440 2150; x_wconf 84' lang='lat' dir='ltr'><strong>imperatoris</strong></span> <span class='ocrx_word' id='word_1_247' title='bbox 1466 2105 1540 2138; x_wconf 81' lang='lat' dir='ltr'><strong>filia</strong></span> 
     </span>
     <span class='ocr_line' id='line_1_31' title="bbox 91 2148 1540 2197; baseline 0.003 -18"><span class='ocrx_word' id='word_1_248' title='bbox 91 2148 129 2179; x_wconf 91' lang='lat' dir='ltr'><strong>in</strong></span> <span class='ocrx_word' id='word_1_249' title='bbox 156 2148 281 2181; x_wconf 86' lang='lat' dir='ltr'><strong>urbem</strong></span> <span class='ocrx_word' id='word_1_250' title='bbox 306 2160 464 2183; x_wconf 87' lang='lat' dir='ltr'><strong>reversus</strong></span> <span class='ocrx_word' id='word_1_251' title='bbox 503 2157 568 2184; x_wconf 84' lang='lat' dir='ltr'><strong>est.</strong></span> <span class='ocrx_word' id='word_1_252' title='bbox 620 2150 678 2183; x_wconf 90' lang='lat' dir='ltr'><strong>die</strong></span> <span class='ocrx_word' id='word_1_253' title='bbox 704 2156 821 2183; x_wconf 73' lang='lat' dir='ltr'><strong>autern</strong></span> <span class='ocrx_word' id='word_1_254' title='bbox 858 2150 1002 2196; x_wconf 79' lang='lat' dir='ltr'><strong>nuptias</strong></span> <span class='ocrx_word' id='word_1_255' title='bbox 1029 2158 1202 2197; x_wconf 81' lang='lat' dir='ltr'><strong>sequente</strong></span> <span class='ocrx_word' id='word_1_256' title='bbox 1227 2153 1334 2185; x_wconf 86' lang='lat' dir='ltr'><strong>tertio</strong></span> <span class='ocrx_word' id='word_1_257' title='bbox 1361 2153 1540 2185; x_wconf 83' lang='lat' dir='ltr'><strong>Romanus</strong></span> 
     </span>
     <span class='ocr_line' id='line_1_32' title="bbox 90 2194 1540 2245; baseline 0.006 -20"><span class='ocrx_word' id='word_1_258' title='bbox 90 2194 282 2238; x_wconf 86' lang='lat' dir='ltr'><strong>imperator</strong></span> <span class='ocrx_word' id='word_1_259' title='bbox 306 2196 343 2229; x_wconf 89' lang='lat' dir='ltr'><strong>in</strong></span> <span class='ocrx_word' id='word_1_260' title='bbox 371 2196 533 2230; x_wconf 85' lang='lat' dir='ltr'><strong>machina</strong></span> <span class='ocrx_word' id='word_1_261' title='bbox 558 2198 632 2231; x_wconf 86' lang='lat' dir='ltr'><strong>sive</strong></span> <span class='ocrx_word' id='word_1_262' title='bbox 659 2196 823 2231; x_wconf 87' lang='lat' dir='ltr'><strong>tabulato</strong></span> <span class='ocrx_word' id='word_1_263' title='bbox 851 2196 895 2229; x_wconf 89' lang='lat' dir='ltr'><strong>ad</strong></span> <span class='ocrx_word' id='word_1_264' title='bbox 911 2199 1014 2242; x_wconf 74' lang='lat' dir='ltr'><strong>vegas</strong></span> <span class='ocrx_word' id='word_1_265' title='bbox 1039 2199 1263 2242; x_wconf 79' lang='lat' dir='ltr'><strong>magnificum</strong></span> <span class='ocrx_word' id='word_1_266' title='bbox 1288 2200 1428 2245; x_wconf 83' lang='lat' dir='ltr'><strong>paravit</strong></span> <span class='ocrx_word' id='word_1_267' title='bbox 1451 2211 1540 2232; x_wconf 87' lang='lat' dir='ltr'><strong>con-</strong></span> 
     </span>
     <span class='ocr_line' id='line_1_33' title="bbox 90 2241 1541 2291; baseline 0.003 -18"><span class='ocrx_word' id='word_1_268' title='bbox 90 2241 232 2274; x_wconf 87' lang='lat' dir='ltr'><strong>vivium.</strong></span> <span class='ocrx_word' id='word_1_269' title='bbox 281 2254 353 2276; x_wconf 88' lang='lat' dir='ltr'><strong>non</strong></span> <span class='ocrx_word' id='word_1_270' title='bbox 380 2245 524 2277; x_wconf 78' lang='lat' dir='ltr'><strong>minima</strong></span> <span class='ocrx_word' id='word_1_271' title='bbox 552 2256 659 2290; x_wconf 89' lang='lat' dir='ltr'><strong>porro</strong></span> <span class='ocrx_word' id='word_1_272' title='bbox 690 2245 923 2278; x_wconf 79' lang='lat' dir='ltr'><strong>contentione</strong></span> <span class='ocrx_word' id='word_1_273' title='bbox 956 2257 975 2277; x_wconf 88' lang='lat' dir='ltr'><strong>a</strong></span> <span class='ocrx_word' id='word_1_274' title='bbox 1003 2246 1160 2289; x_wconf 76' lang='lat' dir='ltr'><strong>Bulgaris</strong></span> <span class='ocrx_word' id='word_1_275' title='bbox 1189 2247 1352 2288; x_wconf 77' lang='lat' dir='ltr'><strong>excitata,</strong></span> <span class='ocrx_word' id='word_1_276' title='bbox 1379 2252 1418 2280; x_wconf 86' lang='lat' dir='ltr'><strong>ut</strong></span> <span class='ocrx_word' id='word_1_277' title='bbox 1443 2247 1541 2291; x_wconf 85' lang='lat' dir='ltr'><strong>prius</strong></span> 
     </span>
     <span class='ocr_line' id='line_1_34' title="bbox 90 2288 1541 2339; baseline 0.004 -19"><span class='ocrx_word' id='word_1_278' title='bbox 90 2288 390 2333; x_wconf 82' lang='lat' dir='ltr'><strong>Christophorus,</strong></span> <span class='ocrx_word' id='word_1_279' title='bbox 424 2290 553 2325; x_wconf 88' lang='lat' dir='ltr'><strong>deinde</strong></span> <span class='ocrx_word' id='word_1_280' title='bbox 579 2292 835 2325; x_wconf 77' lang='lat' dir='ltr'><strong>Constantinus</strong></span> <span class='ocrx_word' id='word_1_281' title='bbox 877 2291 1172 2326; x_wconf 78' lang='lat' dir='ltr'><strong>acclamationum</strong></span> <span class='ocrx_word' id='word_1_282' title='bbox 1202 2293 1369 2338; x_wconf 88' lang='lat' dir='ltr'><strong>precibus</strong></span> <span class='ocrx_word' id='word_1_283' title='bbox 1396 2294 1541 2339; x_wconf 77' lang='lat' dir='ltr'><strong>excipe-</strong></span> 
     </span>
     <span class='ocr_line' id='line_1_35' title="bbox 90 2337 1541 2385; baseline 0.004 -18"><span class='ocrx_word' id='word_1_284' title='bbox 90 2340 200 2375; x_wconf 84' lang='lat' dir='ltr'><strong>retur,</strong></span> <span class='ocrx_word' id='word_1_285' title='bbox 229 2337 323 2369; x_wconf 88' lang='lat' dir='ltr'><strong>votis</strong></span> <span class='ocrx_word' id='word_1_286' title='bbox 361 2347 482 2371; x_wconf 88' lang='lat' dir='ltr'><strong>eorum</strong></span> <span class='ocrx_word' id='word_1_287' title='bbox 516 2340 735 2384; x_wconf 84' lang='lat' dir='ltr'><strong>imperatore</strong></span> <span class='ocrx_word' id='word_1_288' title='bbox 763 2338 954 2379; x_wconf 78' lang='lat' dir='ltr'><strong>obsecuta,</strong></span> <span class='ocrx_word' id='word_1_289' title='bbox 990 2338 1089 2384; x_wconf 84' lang='lat' dir='ltr'><strong>quod</strong></span> <span class='ocrx_word' id='word_1_290' title='bbox 1123 2341 1295 2385; x_wconf 83' lang='lat' dir='ltr'><strong>petebant</strong></span> <span class='ocrx_word' id='word_1_291' title='bbox 1331 2341 1541 2385; x_wconf 85' lang='lat' dir='ltr'><strong>praestitum</strong></span> 
     </span>
     <span class='ocr_line' id='line_1_36' title="bbox 90 2383 1542 2433; baseline 0.005 -19"><span class='ocrx_word' id='word_1_292' title='bbox 90 2387 155 2415; x_wconf 86' lang='lat' dir='ltr'><strong>est.</strong></span> <span class='ocrx_word' id='word_1_293' title='bbox 205 2383 410 2428; x_wconf 83' lang='lat' dir='ltr'><strong>nuptiarum</strong></span> <span class='ocrx_word' id='word_1_294' title='bbox 435 2391 552 2419; x_wconf 82' lang='lat' dir='ltr'><strong>autem</strong></span> <span class='ocrx_word' id='word_1_295' title='bbox 572 2386 783 2420; x_wconf 83' lang='lat' dir='ltr'><strong>celebritate</strong></span> <span class='ocrx_word' id='word_1_296' title='bbox 803 2391 959 2432; x_wconf 83' lang='lat' dir='ltr'><strong>peracta,</strong></span> <span class='ocrx_word' id='word_1_297' title='bbox 985 2385 1168 2433; x_wconf 85' lang='lat' dir='ltr'><strong>Mariaque</strong></span> <span class='ocrx_word' id='word_1_298' title='bbox 1193 2388 1231 2421; x_wconf 87' lang='lat' dir='ltr'><strong>in</strong></span> <span class='ocrx_word' id='word_1_299' title='bbox 1251 2388 1446 2432; x_wconf 85' lang='lat' dir='ltr'><strong>Bulgariam</strong></span> <span class='ocrx_word' id='word_1_300' title='bbox 1473 2388 1542 2421; x_wconf 85' lang='lat' dir='ltr'><strong>iter</strong></span> 
     </span>
     <span class='ocr_line' id='line_1_37' title="bbox 88 2430 1541 2479; baseline 0.005 -18"><span class='ocrx_word' id='word_1_301' title='bbox 88 2439 276 2474; x_wconf 82' lang='lat' dir='ltr'><strong>capescere</strong></span> <span class='ocrx_word' id='word_1_302' title='bbox 303 2430 374 2463; x_wconf 87' lang='lat' dir='ltr'><strong>iam</strong></span> <span class='ocrx_word' id='word_1_303' title='bbox 398 2431 466 2464; x_wconf 87' lang='lat' dir='ltr'><strong>iam</strong></span> <span class='ocrx_word' id='word_1_304' title='bbox 489 2438 636 2478; x_wconf 86' lang='lat' dir='ltr'><strong>parata,</strong></span> <span class='ocrx_word' id='word_1_305' title='bbox 663 2432 890 2467; x_wconf 80' lang='lat' dir='ltr'><strong>Hebdomum</strong></span> <span class='ocrx_word' id='word_1_306' title='bbox 918 2444 1032 2478; x_wconf 86' lang='lat' dir='ltr'><strong>usque</strong></span> <span class='ocrx_word' id='word_1_307' title='bbox 1061 2440 1227 2478; x_wconf 83' lang='lat' dir='ltr'><strong>parentes</strong></span> <span class='ocrx_word' id='word_1_308' title='bbox 1257 2446 1333 2467; x_wconf 88' lang='lat' dir='ltr'><strong>eam</strong></span> <span class='ocrx_word' id='word_1_309' title='bbox 1357 2434 1541 2479; x_wconf 86' lang='lat' dir='ltr'><strong>prosecuti</strong></span> 
     </span>
     <span class='ocr_line' id='line_1_38' title="bbox 88 2475 1542 2527; baseline 0.006 -19"><span class='ocrx_word' id='word_1_310' title='bbox 88 2481 193 2517; x_wconf 79' lang='lat' dir='ltr'><strong>sunt3</strong></span> <span class='ocrx_word' id='word_1_311' title='bbox 219 2475 270 2508; x_wconf 85' lang='lat' dir='ltr'><strong>ibi</strong></span> <span class='ocrx_word' id='word_1_312' title='bbox 305 2488 382 2510; x_wconf 89' lang='lat' dir='ltr'><strong>eam</strong></span> <span class='ocrx_word' id='word_1_313' title='bbox 413 2479 640 2522; x_wconf 83' lang='lat' dir='ltr'><strong>circumfusi,</strong></span> <span class='ocrx_word' id='word_1_314' title='bbox 677 2488 714 2514; x_wconf 85' lang='lat' dir='ltr'><strong>et</strong></span> <span class='ocrx_word' id='word_1_315' title='bbox 736 2481 832 2524; x_wconf 83' lang='lat' dir='ltr'><strong>largo</strong></span> <span class='ocrx_word' id='word_1_316' title='bbox 868 2481 1090 2513; x_wconf 84' lang='lat' dir='ltr'><strong>lacrimarum</strong></span> <span class='ocrx_word' id='word_1_317' title='bbox 1116 2482 1289 2527; x_wconf 88' lang='lat' dir='ltr'><strong>impluvio</strong></span> <span class='ocrx_word' id='word_1_318' title='bbox 1315 2481 1474 2523; x_wconf 85' lang='lat' dir='ltr'><strong>madidi,</strong></span> <span class='ocrx_word' id='word_1_319' title='bbox 1500 2487 1542 2516; x_wconf 80' lang='lat' dir='ltr'><strong>ut</strong></span> 
     </span>
     <span class='ocr_line' id='line_1_39' title="bbox 89 2522 1540 2572; baseline 0.004 -17"><span class='ocrx_word' id='word_1_320' title='bbox 89 2522 302 2556; x_wconf 79' lang='lat' dir='ltr'><strong>dilectorum</strong></span> <span class='ocrx_word' id='word_1_321' title='bbox 342 2526 627 2569; x_wconf 87' lang='lat' dir='ltr'><strong>praecordiorum</strong></span> <span class='ocrx_word' id='word_1_322' title='bbox 666 2540 730 2561; x_wconf 85' lang='lat' dir='ltr'><strong>usu</strong></span> <span class='ocrx_word' id='word_1_323' title='bbox 760 2528 856 2560; x_wconf 87' lang='lat' dir='ltr'><strong>orbis</strong></span> <span class='ocrx_word' id='word_1_324' title='bbox 893 2528 1099 2571; x_wconf 85' lang='lat' dir='ltr'><strong>contingere</strong></span> <span class='ocrx_word' id='word_1_325' title='bbox 1130 2530 1246 2568; x_wconf 83' lang='lat' dir='ltr'><strong>solet,</strong></span> <span class='ocrx_word' id='word_1_326' title='bbox 1283 2529 1540 2572; x_wconf 57' lang='lat' dir='ltr'><strong>tristabantur-3</strong></span> 
     </span>
     <span class='ocr_line' id='line_1_40' title="bbox 89 2569 1542 2621; baseline 0.005 -19"><span class='ocrx_word' id='word_1_327' title='bbox 89 2569 309 2617; x_wconf 84' lang='lat' dir='ltr'><strong>tandemque</strong></span> <span class='ocrx_word' id='word_1_328' title='bbox 328 2582 515 2616; x_wconf 80' lang='lat' dir='ltr'><strong>generum,</strong></span> <span class='ocrx_word' id='word_1_329' title='bbox 548 2574 622 2607; x_wconf 83' lang='lat' dir='ltr'><strong>filia</strong></span> <span class='ocrx_word' id='word_1_330' title='bbox 649 2575 725 2608; x_wconf 80' lang='lat' dir='ltr'><strong>eius</strong></span> <span class='ocrx_word' id='word_1_331' title='bbox 749 2575 918 2619; x_wconf 82' lang='lat' dir='ltr'><strong>potestati</strong></span> <span class='ocrx_word' id='word_1_332' title='bbox 946 2574 1089 2616; x_wconf 85' lang='lat' dir='ltr'><strong>tradita,</strong></span> <span class='ocrx_word' id='word_1_333' title='bbox 1115 2575 1312 2609; x_wconf 84' lang='lat' dir='ltr'><strong>deosculati</strong></span> <span class='ocrx_word' id='word_1_334' title='bbox 1340 2575 1377 2608; x_wconf 88' lang='lat' dir='ltr'><strong>in</strong></span> <span class='ocrx_word' id='word_1_335' title='bbox 1409 2577 1542 2621; x_wconf 85' lang='lat' dir='ltr'><strong>regiam</strong></span> 
     </span>
     <span class='ocr_line' id='line_1_41' title="bbox 91 2618 1540 2669; baseline 0.006 -20"><span class='ocrx_word' id='word_1_336' title='bbox 91 2618 220 2650; x_wconf 81' lang='lat' dir='ltr'><strong>reversi</strong></span> <span class='ocrx_word' id='word_1_337' title='bbox 247 2623 341 2651; x_wconf 84' lang='lat' dir='ltr'><strong>sunt.</strong></span> <span class='ocrx_word' id='word_1_338' title='bbox 368 2620 417 2652; x_wconf 90' lang='lat' dir='ltr'><strong>sic</strong></span> <span class='ocrx_word' id='word_1_339' title='bbox 430 2621 539 2654; x_wconf 84' lang='lat' dir='ltr'><strong>Maria</strong></span> <span class='ocrx_word' id='word_1_340' title='bbox 564 2622 794 2667; x_wconf 82' lang='lat' dir='ltr'><strong>Bulgarorum</strong></span> <span class='ocrx_word' id='word_1_341' title='bbox 822 2621 985 2655; x_wconf 77' lang='lat' dir='ltr'><strong>manibus</strong></span> <span class='ocrx_word' id='word_1_342' title='bbox 1010 2622 1140 2656; x_wconf 84' lang='lat' dir='ltr'><strong>tradita</strong></span> <span class='ocrx_word' id='word_1_343' title='bbox 1166 2623 1203 2656; x_wconf 89' lang='lat' dir='ltr'><strong>in</strong></span> <span class='ocrx_word' id='word_1_344' title='bbox 1230 2623 1428 2666; x_wconf 83' lang='lat' dir='ltr'><strong>Bulgariam</strong></span> <span class='ocrx_word' id='word_1_345' title='bbox 1456 2636 1540 2669; x_wconf 83' lang='lat' dir='ltr'><strong>pro-</strong></span> 
     </span>
     <span class='ocr_line' id='line_1_42' title="bbox 89 2664 880 2698; baseline 0.003 -1"><span class='ocrx_word' id='word_1_346' title='bbox 89 2664 182 2698; x_wconf 77' lang='lat' dir='ltr'><strong>secta</strong></span> <span class='ocrx_word' id='word_1_347' title='bbox 213 2670 278 2697; x_wconf 80' lang='lat' dir='ltr'><strong>est.</strong></span> <span class='ocrx_word' id='word_1_348' title='bbox 877 2668 880 2672; x_wconf 85' lang='grc'><strong>”</strong></span> 
     </span>
    </p>

    <p class='ocr_par' dir='ltr' id='par_1_10' title="bbox 183 2711 1539 2762">
     <span class='ocr_line' id='line_1_43' title="bbox 183 2711 1539 2762; baseline 0.005 -18"><span class='ocrx_word' id='word_1_349' title='bbox 183 2711 235 2744; x_wconf 87' lang='lat' dir='ltr'><strong>Eo</strong></span> <span class='ocrx_word' id='word_1_350' title='bbox 262 2717 421 2758; x_wconf 83' lang='lat' dir='ltr'><strong>tempore</strong></span> <span class='ocrx_word' id='word_1_351' title='bbox 456 2713 566 2758; x_wconf 80' lang='lat' dir='ltr'><strong>legati</strong></span> <span class='ocrx_word' id='word_1_352' title='bbox 602 2715 698 2760; x_wconf 77' lang='lat' dir='ltr'><strong>pacis</strong></span> <span class='ocrx_word' id='word_1_353' title='bbox 725 2714 870 2750; x_wconf 81' lang='lat' dir='ltr'><strong>foedera</strong></span> <span class='ocrx_word' id='word_1_354' title='bbox 910 2716 1141 2762; x_wconf 83' lang='lat' dir='ltr'><strong>composituri</strong></span> <span class='ocrx_word' id='word_1_355' title='bbox 1168 2726 1186 2748; x_wconf 87' lang='lat' dir='ltr'><strong>e</strong></span> <span class='ocrx_word' id='word_1_356' title='bbox 1211 2715 1376 2750; x_wconf 85' lang='lat' dir='ltr'><strong>Melitine</strong></span> <span class='ocrx_word' id='word_1_357' title='bbox 1400 2716 1447 2751; x_wconf 78' lang='lat' dir='ltr'><strong>ad</strong></span> <span class='ocrx_word' id='word_1_358' title='bbox 1470 2718 1539 2751; x_wconf 88' lang='lat' dir='ltr'><strong>im-</strong></span> 
     </span>
    </p>
   </div>
  </div>
 </body>
</html>
