1838 3132
311 172 383 213 DE
406 166 813 212 THESSALONICA
838 166 874 208 A
899 165 1108 208 LATINIS
1134 163 1323 208 CAPTA.
1444 161 1538 207 383

93 274 280 330 παλατι’ῳ
309 274 381 313 καί
411 269 450 314 οἱ
480 270 670 326 ἀδελφοί,
696 267 718 309 ὃ
749 267 957 322 Μανουὴλ
986 268 1058 309 καί
1093 266 1114 307 ὅ
1140 267 1337 320 Ἰωάννης,
1365 262 1470 320 πρὸς
1494 265 1541 305 δὲ

93 339 167 383 καὶ
200 338 223 381 ὅ
252 339 580 394 πρωτοστράτωρ
609 338 809 387 Ἀλέξιος,
858 333 921 375 ἔτι
969 336 1015 375 δὲ
1045 333 1114 375 καί
1139 331 1160 374 ὅ
1202 330 1410 387 ἔπαρχος’
1460 332 1542 372 τῶν

95 409 144 450 δὲ
171 408 325 448 λοιπῶν
363 403 402 447 οἱ
440 406 518 457 μὲν
542 404 806 459 ἀφείθησαν,
839 402 1009 455 α’ληθιός
1034 403 1112 453 μὲν
1137 403 1196 449 εἰς
1223 398 1351 441 ἕωλον
1377 399 1543 440 δεῖπνον

96 478 184 522 τοῖς
211 473 478 525 βουλομένοις
520 470 662 511 αὐτῶν
700 466 1014 522 θοινὴσατθαι,
1060 469 1325 523 φαινομένως
1359 466 1407 506 δὲ
1435 462 1541 505 κατὰ

63 540 247 596 ὅφιλίαν
276 537 347 580 καὶ
379 535 426 579 τὸ
466 532 572 578 εἶναι
601 535 858 590 ἀνύποπτοι,
889 532 926 575 οἱ
957 535 1003 575 δέ
1029 549 1138 583 τινες
1168 533 1382 574 α’πώλοντο
1412 531 1544 572 nozil-

97 621 179 654 κως
206 607 278 646 καί
305 601 360 652 ὥς
390 603 464 644 οὐκ
490 598 543 643 ἄν
569 617 630 650 τις
658 599 801 643 ἴδοιτο.
858 603 1005 642 πολλοὶ
1035 601 1080 642 δὲ
1102 600 1176 641 καί
1197 600 1400 656 ὑπερορίᾳ
1427 595 1544 639 ἑκόν-

95 686 162 720 τες
189 671 442 713 ἐδικαίωσαν
486 664 684 715 ἑαυτούς·
756 660 816 707 ὧν
850 662 900 720 ἦν
926 665 999 707 καί
1025 665 1046 707 ὃ
1087 664 1213 715 καλὸς
1241 666 1494 718 Λαπαρδᾶς,
1519 663 1541 704 o‘

96 734 311 791 πάνσοφος
345 735 395 776 τὰ
441 730 714 788 στρατηγικά,
752 731 800 775 ὃν
825 730 973 787 ἱέρακα
1012 729 1081 774 διά
1123 731 1170 773 τὸ
1203 733 1276 787 τῆς
1305 727 1546 787 φρονήσεως

96 801 170 845 καί
195 801 240 844 τό
288 800 389 843 κατά
420 803 572 855 πρᾶξιν
613 799 810 850 ὀξυπετὲς
839 799 860 840 ὃ
899 801 981 841 ταῖν
1014 797 1211 853 Τούρκων
1243 794 1425 840 σουλτοὶν
1452 797 1546 837 οἰό-

43 883 86 918 10
96 867 244 922 μάζειν
272 870 495 922 ἑθέκρινεν,
527 865 547 906 ὃ
578 867 669 908 τότε
697 868 774 918 μὲν
792 865 982 918 ειῖτυχιός
1009 867 1271 920 περισωθείς,
1299 865 1405 917 μετὰ
1434 863 1482 904 δέ
1498 877 1545 916 γε

97 933 258 984 damac
284 940 374 982 ταῖς
401 936 476 976 τοῦ
502 935 706 986 βαοιλέως
744 933 1009 984 Ἀνδρονίκου
1036 933 1108 974 καί
1132 930 1263 980 αὐτὸς
1289 931 1440 985 πάγαις
1474 943 1547 971 πε-

99 1003 382 1055 ριτετυχηκαῖς
409 1001 481 1050 κατ’
510 996 731 1049 ἑξολὼλώς.

200 1061 280 1109 Ἤν
307 1067 353 1108 δὲ
378 1068 510 1108 ταῦτα
537 1063 648 1106 τότε.
723 1067 796 1107 καί
822 1067 926 1114 τέως
951 1067 1029 1117 μὲν
1054 1064 1153 1116 περὶ
1177 1065 1283 1115 μίαν
1311 1062 1475 1117 ἡμέραν
1509 1059 1550 1104 οἱ

96 1135 296 1186 ’τέσσαρες
322 1132 577 1187 ἠτιμωμένοι
609 1128 802 1173 ἑάλωσαν
831 1132 960 1185 δῆθεν
988 1128 1259 1182 ξυνωμοσίας,
1288 1128 1309 1171 ὃ
1336 1125 1551 1180 Μανουὴλ

43 1208 87 1242 15
99 1201 172 1241 καί
193 1195 383 1252 Ἰωάννης
413 1195 452 1239 οἱ
483 1194 671 1253 ἀδελφοί,
702 1194 1077 1252 ὁπρωτοστράτωρ
1107 1197 1287 1246 Ἀλέξιος
1318 1194 1390 1237 καὶ
1411 1192 1550 1238 Ἰωάν-

97 1280 172 1320 νης
200 1263 221 1305 ὅ
250 1262 461 1318 ἔπαρχος·
518 1266 589 1305 καί
618 1259 730 1316 εἶχεν
757 1262 914 1312 αὗτοὺς
942 1264 966 1319 ἦ
1003 1261 1230 1316 κάθειρξις,
1261 1263 1334 1303 καί
1359 1261 1441 1314 πρὸ
1471 1262 1550 1302 αυ’-

99 1333 172 1385 τῆς
197 1330 248 1372 τὰ
278 1329 372 1371 λιάν
400 1325 544 1382 ἄτιμα.
600 1327 645 1370 τὸ
681 1331 728 1372 δὲ
759 1331 850 1381 ζέον
870 1332 947 1370 τοῦ
975 1331 1119 1381 θυμοῦ
1146 1333 1231 1376 τοῖς
1262 1329 1452 1382 κρι’νασιν
1480 1329 1550 1379 ἐβ-

101 1394 279 1451 ράττοτο
309 1398 382 1438 καί
408 1395 512 1438 κατὰ
542 1397 613 1450 τῆς
645 1394 1036 1451 πορφυρογεννὴτου
1071 1395 1144 1435 καί
1168 1395 1244 1436 τοῦ
1272 1393 1551 1446 συμβιοῦντος

100 1465 335 1516 Καίσαρος.
392 1463 468 1503 ου’κ
500 1457 587 1516 εἶχε
615 1462 663 1503 δὲ
689 1464 762 1503 καί
788 1463 955 1513 ἐκζέσαι
979 1461 1146 1513 αὗτίκα,
1175 1460 1232 1509 ὥς
1258 1461 1330 1501 καί
1354 1461 1551 1513 γενέσθαι

43 1545 90 1581 20
106 1529 312 1583 πρόοπτον
343 1527 391 1570 τὸ
420 1528 556 1581 κακόν,
583 1529 669 1570 ἀλλ’
699 1529 963 1581 ἐνδομυχοῦν
1008 1526 1079 1568 καί
1107 1525 1431 1582 ὑποτυφόμενον
1457 1527 1552 1567 ἐπέ-

101 1611 203 1649 σχεν
231 1594 290 1643 εἷς
319 1596 516 1637 τοσοῦτον
547 1593 605 1643 ὥς
632 1595 705 1635 καί
730 1594 804 1636 τὸν
833 1591 1100 1648 πατριάρχῆν
1133 1595 1310 1646 δοκῆσαι
1338 1590 1443 1645 πρὸς
1472 1591 1550 1632 αὖ-

100 1663 184 1704 τῶν
210 1656 319 1702 εἶναι
341 1659 444 1710 τούς
471 1661 697 1714 κρίνοντας.
757 1659 823 1702 διὸ
853 1660 927 1702 καί
954 1659 1085 1708 αότὸς
1111 1662 1188 1712 μὲν
1215 1658 1416 1706 ἇπλοΐκῶς
1450 1660 1550 1713 ἐμη-

102 1727 258 1770 νύσατο
287 1725 393 1782 πρὸς
419 1723 602 1781 ἑσπέραν
629 1727 680 1769 τὰ
710 1727 856 1784 Mffiovu.
929 1725 967 1768 οἱ
1000 1727 1046 1767 δὲ
1075 1726 1154 1779 οὔχ
1195 1724 1329 1767 ἁπλοῖ
1349 1725 1551 1777 ἐμελέτων

201 1840 231 1872 1.
257 1839 336 1886 trgi?

105 1951 233 1985 magno
260 1941 396 1986 palatio
435 1941 560 1974 fratres
589 1942 788 1982 Comneni,
816 1942 962 1974 Manuel
991 1946 1028 1975 et
1058 1943 1230 1982 Ioannes,
1259 1940 1401 1974 Alexius
1426 1947 1551 1986 proto-

106 1993 244 2027 strator,
274 1993 311 2020 et
347 1988 531 2033 eparclius.
583 2000 602 2021 e
639 1990 784 2034 reliquis
811 1989 872 2022 alii
901 1988 1034 2022 dimissi
1063 1995 1166 2030 sunt,
1197 1999 1315 2022 revera
1342 1987 1386 2020 ad
1413 1990 1551 2032 epulas,

106 2040 147 2067 ut
171 2035 293 2074 aiunt,
320 2034 521 2075 hesternas,
559 2036 587 2068 si
615 2036 674 2080 qui
704 2036 838 2080 epulari
863 2036 1020 2076 vellent,
1056 2035 1118 2069 sed
1154 2037 1272 2080 specie
1308 2035 1487 2068 amicitiae
1516 2043 1552 2069 et

106 2082 372 2123 confidentiae,
404 2083 464 2114 alii
503 2084 687 2128 perierunt
734 2083 813 2115 fatis
841 2083 943 2116 variis
968 2088 1003 2116 el:
1026 2094 1118 2127 quae
1144 2095 1249 2116 nemo
1278 2082 1383 2115 facile
1409 2083 1550 2116 viderit.

107 2129 210 2161 multi
238 2129 342 2161 eiiam
382 2130 477 2162 ultro
518 2141 554 2162 se
596 2130 704 2162 exilio
731 2130 943 2172 multarunt3
984 2141 1002 2162 e
1040 2129 1172 2175 quibus
1210 2131 1359 2163 eximius
1392 2130 1454 2162 ille
1483 2130 1554 2163 fuit

108 2175 298 2220 Lapat-das,
324 2177 376 2208 vir
400 2177 447 2209 rei
472 2177 635 2211 militaris
667 2178 918 2221 peritissimus,
947 2187 1051 2220 quem
1075 2183 1222 2222 propter
1244 2177 1379 2221 ingenii
1404 2189 1552 2210 acumen

109 2228 147 2255 et
172 2223 391 2256 celeritatem
418 2224 544 2268 agendi
573 2224 736 2257 eximiam
769 2225 888 2257 sultan
910 2223 1102 2256 'furcarum
1140 2225 1285 2257 nomine
1321 2225 1468 2257 vulturis
1498 2225 1553 2257 di-

109 2280 216 2312 gnum
245 2270 446 2312 iudicabat;
484 2274 545 2315 qui
582 2277 653 2303 tum
690 2271 837 2316 quidem
874 2271 1027 2304 feliciter
1061 2276 1311 2312 conservatus,
1342 2271 1404 2304 sed
1427 2278 1554 2316 postea

108 2317 335 2369 impet-:uotis
355 2317 546 2351 Andronici
573 2319 711 2363 laqueis
738 2319 907 2359 irretitus,
929 2318 1181 2351 miserabiliter
1206 2324 1242 2351 et
1269 2319 1345 2364 ipse
1371 2319 1492 2362 periit.

203 2365 300 2397 Haec
334 2364 442 2406 igitur
477 2366 527 2398 ita
551 2371 624 2398 tum
657 2371 768 2398 erant.
822 2377 890 2397 uno
926 2365 985 2398 die
1019 2371 1189 2410 quattuor
1228 2366 1281 2398 illi
1319 2365 1384 2398 viri
1425 2370 1555 2398 contu-

110 2411 226 2444 meliis
263 2412 380 2444 affecti
411 2412 666 2445 coniurationis
703 2413 840 2445 scilicet
873 2411 1031 2444 damnati
1070 2417 1175 2453 sunt,
1201 2413 1346 2445 Manuel
1386 2417 1422 2445 et
1451 2414 1557 2445 loan-

111 2469 174 2491 nes
200 2458 352 2498 fratres,
388 2458 531 2492 Alexius
564 2465 799 2503 protostrator
835 2465 872 2492 et
912 2461 1062 2492 Ioannes
1095 2459 1285 2504 eparchus3
1327 2459 1556 2493 continebat-

113 2515 184 2551 que
225 2515 286 2537 eos
319 2504 504 2546 custodia,
537 2507 684 2539 afflictos
713 2507 812 2551 prius
852 2516 984 2539 summa
1023 2506 1231 2550 ignominia.
1288 2517 1411 2539 verum
1440 2506 1559 2540 fervor

112 2551 320 2584 iracundiae
341 2552 527 2585 aestuabat
550 2554 587 2586 in
614 2553 739 2586 animis
765 2553 920 2587 iudicum
954 2554 1059 2586 etiam
1084 2553 1250 2587 adversus
1275 2553 1557 2598 porphyrogeni-

113 2604 183 2631 tam
211 2604 248 2631 et
271 2599 366 2631 vitae
392 2599 526 2632 socium
557 2602 754 2633 Caesarem.
804 2612 877 2633 non
912 2605 1055 2645 poterat
1080 2606 1199 2634 tamen
1226 2602 1455 2633 effervescere
1482 2600 1557 2634 illi-

113 2656 167 2686 co,
196 2651 235 2678 ut
259 2644 530 2691 despumaretur
555 2653 591 2680 et
615 2649 803 2680 manifesta
828 2648 930 2680 fieret
946 2648 1134 2692 pernicies,
1159 2647 1222 2680 sed
1250 2647 1345 2680 intus
1371 2647 1558 2681 aestuabat

113 2692 369 2737 gliscebatque,
396 2698 436 2725 nt
459 2695 564 2726 etiam
589 2694 786 2739 patriarcha
825 2694 961 2727 iudices
978 2695 1059 2730 ,illis
1084 2695 1202 2727 favere
1229 2699 1383 2739 putaret.
1433 2695 1557 2740 itaque

113 2739 189 2783 ipse
213 2739 356 2784 quidem
384 2740 594 2786 simpliciter
618 2741 683 2775 sub
710 2752 895 2786 vesperam
924 2741 1095 2775 suadebat
1119 2741 1286 2784 melior-13
1317 2741 1380 2775 sed
1409 2742 1463 2775 illi
1486 2743 1556 2774 iam
