1838 3132
347 156 443 207 420
727 186 732 195 ι
797 188 837 196 „
902 163 1229 203 EUSTA'fflms

344 262 402 313 ὥς
427 266 495 305 ἐπὶ
522 266 689 316 βασιλεῖ
695 296 706 316 ,
738 261 993 318 ῥᾳδιουργῶν
1024 258 1129 302 κατὰ
1158 258 1380 314 πονηρίαν,
1421 257 1492 301 καὶ
1518 257 1771 306 οἷναδιὸάξας

332 331 497 372 ,ἐκεῖνον
519 330 701 380 βασιλέα
722 325 868 370 ἑαυτὸν
888 328 1102 379 ἐπιλέγειν,
1128 327 1201 367 καί
1224 321 1440 379 θαρρύνας
1466 323 1536 367 καί
1561 322 1771 378 ἐγκελεύε-

332 399 445 437 σθαι
470 395 602 450 ,τούτῳ
635 390 714 435 ὅσα
743 392 815 434 καί
841 389 1069 448 δούλῳκαί
1087 391 1350 432 α’πειλεῑσθαι
1382 387 1646 444 decutit-enon.-
1695 387 1772 433 καί

338 457 557 513 βασιλικὴν
585 458 697 514 αὐτῷ
718 456 872 512 σκηνὴν
900 456 1009 500 οὕτω
1037 455 1265 513 πηξάμενος
1293 458 1538 511 περιέφερεν
1554 457 1602 505 ε”ξι
1621 452 1769 504 ἔθνους

339 528 399 574 εἰς
427 523 558 578 ἔθνος,
589 525 658 566 καί
685 524 867 577 μάλιστα
897 525 954 573 εἰς
986 521 1067 565 ὅσα
1095 524 1228 570 κακῶς
1258 523 1417 563 διέθετο
1446 519 1468 563 ὅ
1493 517 1801 574 ’Ardebant-5

337 593 409 633 καί
438 593 654 633 συνέκλαιε
680 587 988 643 τραγικώτερον,
1013 591 1084 630 καί
1102 589 1364 642 σκηνοβαταῖν
1394 586 1559 629 ἀδικίαν
1585 584 1767 639 μεγάλην

339 656 397 705 ὥς
425 655 496 698 ἔπε’
520 656 723 712 βασιλικῷ
748 653 874 711 τούτῳ
903 655 1025 696 παιδί
1065 653 1315 709 ὀφειλομένῳ
1342 650 1488 705 πιστὴν
1515 651 1668 706 φιλίαν·
1685 647 1768 695 ὑπὸ

340 722 607 777 Χριστιανῶν
634 722 806 774 ἀγαθῶν
835 723 1100 774 προεκαλεῖτο
1134 719 1193 766 εἷς
1218 713 1394 770 ἄμυναν,
1423 714 1674 764 ὖποδεικνύς.
1693 730 1771 770 κα-

338 787 390 830 τὰ
431 786 474 829 τὸ
513 785 619 835 εἰκὸς
657 787 730 828 καί
767 790 920 839 σημεῖα
957 786 1119 838 ,τριχῶν
1146 780 1401 838 ξανθότητα,
1430 779 1590 832 ὀδόντος
1617 786 1770 837 λεΐψιν,

337 850 483 894 ὁποίαν
520 851 611 893 τινὰ
640 853 712 893 καί
739 849 762 892 ὅ
791 849 952 906 ἀληθὴς
987 851 1167 901 Ἀλὲξιος
1196 850 1346 897 ἐκεῖνος
1377 849 1629 902 δυσπραγεΐν
1656 844 1768 900 ιεἵλην
1782 858 1826 892 10

336 934 400 972 χε,
428 920 662 971 βλέμματος
689 919 934 972 ἑμβρι-’θειαν
962 915 1062 958 niuei
1088 913 1160 957 καί
1184 909 1420 968 βασιλικοῦ,
1450 911 1600 956 πλάσιν
1621 910 1770 966 σώμα-

338 999 408 1032 τος
437 983 599 1037 εὐπαγῆ
618 1018 629 1036 ,
673 986 766 1024 καθ’
795 980 846 1037 ἢν
872 982 1055 1035 μάλιστα
1094 981 1139 1023 τὸ
1169 978 1382 1034 ἄγροτικὸν
1413 975 1770 1033 εὖδοκύιωςέχει,

338 1052 411 1091 καί
436 1045 541 1091 ἄλλα
569 1046 675 1091 τινά.
731 1048 803 1090 καί
827 1046 865 1090 οἱ
893 1045 1207 1099 δυσωπούμενοι
1238 1048 1462 1087 διετίθεντο
1488 1043 1592 1099 πρὸς
1621 1045 1770 1092 πένθος

339 1114 412 1175 καὶ
439 1115 612 1168 ἠλέουν,
651 1109 717 1155 οἷα
756 1113 814 1169 μὴ
856 1115 1096 1167 ἐξακριβοῦν
1132 1111 1296 1166 ἔχοντες
1336 1107 1397 1159 οἷς
1437 1109 1770 1165 ἐπεπρόσθειτῇ

340 1182 544 1234 διακρίσει
588 1182 668 1221 τῶν
695 1179 876 1234 σημείων
919 1185 1001 1225 τοῖς
1028 1175 1191 1219 ἔθνεσιν
1223 1176 1246 1230 ἦ
1269 1175 1373 1218 κατὰ
1405 1176 1479 1218 τοῦ
1507 1167 1768 1229 Ἀνδρονώιου
1784 1187 1826 1221 15

339 1249 469 1300 μῆνις.
527 1241 626 1286 ὅθεν
670 1243 743 1285 καί
777 1242 1050 1296 ἀπανούργους
1086 1240 1324 1293 πειθόμενοι
1349 1239 1419 1283 τὸν
1447 1241 1579 1285 παῖδα
1603 1230 1771 1293 βλέπειν

339 1313 534 1365 Ἀλέξων,
561 1307 580 1351 ὃ
609 1312 680 1351 καί
711 1309 732 1350 ὅ
770 1312 812 1360 ἐξ
843 1309 1083 1362 ἀγροιωτῶν
1112 1302 1228 1355 οὗτος
1266 1311 1364 1355 παῖς
1391 1303 1511 1361 ἐτέθη
1535 1307 1769 1359 καλεῖσθαι,

343 1379 593 1418 κατέκυπτον
630 1377 688 1425 εἰς
714 1376 1005 1429 προσκύνησιν,
1048 1369 1286 1428 ἦσπάζοντο,
1310 1372 1520 1425 μετέωρον
1549 1365 1661 1426 ἦγον,
1690 1371 1770 1411 δώ·-

342 1458 430 1497 ροις
458 1443 686 1491 ἐδεξιοῦντο
713 1444 899 1487 πολλοῖς·
955 1437 983 1480 ἃ
1011 1437 1061 1491 δὴ
1092 1440 1275 1479 κατέσπα
1296 1436 1316 1476 ὅ
1349 1433 1545 1490 μοναχός,
1570 1436 1771 1488 ἂπεκβαί-

340 1524 420 1549 νων
449 1507 736 1561 βαρύπλουτος
762 1502 822 1553 οἷς
848 1506 1081 1558 ἐμπορικαῖς
1107 1501 1176 1544 τὸν
1213 1504 1341 1543 παῖδα
1373 1502 1616 1555 καπηλεύων
1644 1504 1768 1555 ,ιὲχρηρ
1782 1527 1828 1560 20

340 1573 545 1625 ματίζετο.
602 1574 674 1614 καί
709 1573 734 1628 ἦ
767 1573 844 1624 μὲν
884 1570 1061 1624 α’λήθεια
1100 1566 1207 1611 οὕτω
1236 1570 1422 1609 λαθοῦσα
1451 1564 1678 1620 ε’νδὸμυχος
1707 1562 1770 1620 ἦν,

341 1638 385 1680 τὸ
416 1640 461 1680 δὲ
490 1640 647 1691 ψεῦδος
669 1639 886 1692 ἐκνικῆσαν
915 1635 1152 1689 ἐξεθύμωσε
1180 1631 1232 1675 τὰ
1256 1631 1357 1687 ἔθνη
1377 1631 1482 1688 πρὸς
1508 1626 1690 1685 ἄμυναν·
1732 1632 1776 1673 οἳ

345 1827 404 1860 tiis
429 1827 512 1866 suis,
537 1836 646 1871 quum
682 1830 717 1858 et
739 1823 975 1869 praecepisset
999 1822 1057 1863 ei,
1088 1827 1126 1854 ut
1161 1821 1407 1867 imperatorem
1437 1830 1473 1852 se
1501 1817 1709 1864 appellaret,
1735 1823 1771 1851 et

345 1875 523 1913 suasisset,
549 1878 589 1906 ut
613 1873 801 1917 imperaret
825 1871 895 1916 ipsi
920 1875 956 1902 et
978 1869 1167 1902 minaretur
1201 1873 1365 1913 tanquam
1390 1877 1488 1899 servo
1516 1864 1769 1899 vehementius.

348 1921 471 1965 itaque
498 1924 699 1953 constructo
728 1917 957 1951 tabernaculo
984 1915 1222 1960 imperatorio,
1247 1914 1290 1946 ad
1316 1925 1435 1946 omnes
1458 1923 1539 1945 eum
1554 1917 1676 1956 gentes
1701 1911 1771 1944 cir-

347 1966 590 2006 cumducebat,
618 1977 676 1998 eas
694 1965 865 2004 maxime,
889 1963 1098 2009 quibuscum
1135 1960 1332 1995 dissidebat
1354 1959 1586 1994 Andronicus.
1634 1959 1770 1992 lamen-

346 2014 492 2046 tabatur
515 2013 645 2056 tragico
686 2012 810 2051 modo,
842 2016 879 2043 et
913 2017 1082 2055 tanquam
1120 2008 1163 2042 de
1201 2008 1339 2053 pulpito
1367 2007 1529 2039 iniuriam
1554 2005 1770 2050 imperatorii

347 2061 451 2094 istius
483 2060 584 2105 pueri
620 2059 799 2101 ingentem
827 2057 1037 2096 declamans,
1070 2055 1171 2088 fidem
1199 2064 1375 2100 opemque
1399 2053 1573 2086 honorum
1601 2051 1766 2085 Christia-

347 2118 472 2140 norum
499 2105 544 2139 ad
568 2105 809 2138 defensionem
835 2105 910 2138 eius
928 2103 1152 2148 implorabat,
1180 2100 1381 2139 ostendens,
1406 2110 1477 2144 quo
1501 2110 1574 2133 rem
1599 2097 1769 2143 probabi-

348 2154 419 2186 lem
441 2159 477 2186 et
513 2153 736 2185 manifestam
770 2152 914 2190 faceret,
940 2150 1067 2183 ssavum
1101 2149 1254 2182 colorem
1284 2147 1502 2191 capillorum,
1528 2145 1630 2179 unius
1653 2144 1770 2178 dentis

349 2199 538 2239 defectum,
564 2210 634 2244 quo
660 2199 750 2231 sorte
776 2200 881 2232 etiam
904 2208 1005 2230 verus
1034 2196 1097 2230 ille
1121 2196 1261 2228 Alexius
1287 2194 1520 2232 laboraverat,
1545 2192 1663 2227 vultus
1686 2202 1770 2225 acu·

348 2258 430 2279 men
466 2246 566 2291 quasi
603 2246 754 2288 regium,
791 2244 1106 2278 conformationem
1139 2241 1294 2286 corporis
1333 2240 1485 2279 firmam,
1510 2250 1580 2283 qua
1605 2238 1770 2273 nimirum

350 2294 541 2339 praecipue
568 2292 710 2324 excellit
734 2303 842 2335 genus
866 2291 1047 2323 hominum
1073 2289 1251 2328 rusticum,
1276 2293 1311 2320 et
1338 2287 1404 2319 alia
1427 2285 1611 2331 quaedam.
1661 2285 1770 2330 pleri-

351 2352 421 2385 que
446 2339 558 2372 flebili
586 2339 746 2371 oratione
772 2338 817 2371 ad
840 2338 974 2371 luctum
1016 2342 1052 2370 et
1074 2334 1346 2368 misericordiam
1370 2331 1613 2372 movebantur,
1639 2331 1771 2378 quippe

352 2388 414 2431 qui
442 2396 513 2419 rem
537 2385 733 2418 disoemere
758 2397 830 2418 non
854 2389 1019 2429 possent,
1054 2387 1241 2426 propterea
1268 2380 1364 2425 quod
1391 2392 1408 2412 a
1436 2378 1685 2423 cognoscendis
1711 2379 1769 2412 in-

352 2433 452 2466 diciis
479 2432 560 2465 odio
589 2431 778 2465 Andronici
813 2430 1104 2476 prohibebantur.
1166 2439 1273 2472 quare
1317 2428 1393 2460 siue
1419 2425 1540 2459 fraude
1573 2425 1692 2459 videre
1733 2435 1770 2462 se

350 2490 501 2524 puerum
522 2478 685 2512 Alexium
724 2479 812 2518 rati,
838 2489 908 2523 quo
950 2487 1033 2509 saue
1058 2474 1199 2507 nomine
1226 2485 1312 2518 puer
1336 2475 1398 2507 ille
1420 2473 1571 2506 rusticus
1599 2471 1773 2518 appellari

352 2526 503 2566 solebat,
531 2524 726 2558 adorabant
746 2530 838 2565 eum,
861 2523 1075 2560 salutabant,
1102 2520 1255 2554 humeris
1269 2520 1454 2553 sublimem
1478 2519 1673 2564 gestabant,
1695 2529 1774 2551 mu-

352 2572 496 2606 neribus
524 2571 698 2605 ornabant
720 2571 888 2604 studiose.
924 2581 1014 2616 quae
1040 2567 1182 2613 quidem
1210 2578 1354 2600 munera
1382 2565 1573 2600 monachus
1598 2566 1660 2598 ille
1680 2563 1773 2598 hau-

355 2619 480 2658 riebat,
506 2617 688 2664 praedives
713 2617 863 2651 evadens
890 2618 970 2657 isto,
999 2626 1070 2661 quo
1109 2625 1254 2658 puerum
1286 2619 1518 2647 mercatorum
1542 2611 1648 2653 modo
1673 2611 1774 2655 quasi

354 2665 585 2706 venditabat,
619 2664 779 2698 artificio.
829 2676 869 2696 ac
901 2664 1028 2697 veritas
1055 2660 1198 2706 quidem
1222 2662 1270 2694 ita
1293 2661 1468 2694 occultata
1489 2659 1623 2693 latebat
1639 2683 1648 2698 ‚
1674 2658 1774 2691 evin·

355 2723 508 2758 eensque
523 2710 744 2747 mendacium
765 2710 809 2744 ad
823 2721 926 2756 opem
938 2708 1117 2745 ferendam
1135 2708 1322 2749 excitabat,
1347 2711 1527 2752 quotquot
1545 2705 1636 2740 ,olim
1658 2715 1773 2738 sacra-
