1838 3132
324 94 396 136 DE
419 93 823 137 THESSALONJCA
854 94 889 136 Α
914 94 1122 135 LATINIS
1147 92 1338 135 CAPTA.
1459 89 1552 135 377

116 213 189 246 νας
219 196 267 238 δὲ
293 196 494 248 μέγιστα,
523 189 583 243 οἷς
612 191 988 249 περιποιησάμενός
1022 210 1060 236 τι
1088 193 1366 248 χρηματιὸιόυ
1393 191 1557 242 τούτοις

114 259 142 319 ἢ
170 261 339 310 ἐκείνοις
379 264 495 310 τέλος
536 260 739 315 ἐζημι’ωκε
775 259 872 309 τούς
912 257 1100 309 ἅπαντας
1137 261 1215 312 μὲν
1256 261 1316 308 εἰς
1340 257 1476 301 πάντα
1505 258 1556 302 τὰ

115 325 257 376 αύτοῖς
297 321 422 380 ὄντα,
451 328 631 380 μυρίους
667 328 714 368 δὲ
741 327 812 368 καί
840 327 900 375 εἰς
930 328 1052 381 ζωήν.
1125 329 1197 368 καί
1222 326 1280 381 μή
1307 341 1371 375 τις
1399 324 1558 381 ὑποφε-

113 397 220 448 ρέτω
247 395 322 435 νῦν
349 394 606 447 α’ναφρονεΐν
633 407 686 444 με
727 394 800 433 καί
837 391 996 450 ὑστέρῳ
1028 391 1166 450 χρόνῳ
1205 393 1463 446 ἑπιμηθικῶς
1490 392 1560 434 αι’-

82 461 302 503 5σθέσθαι
335 455 419 507 οἷος
449 457 470 500 ὅ
489 458 628 501 Δαυῒδ
653 454 800 514 ἀπέβη,
832 458 1003 500 ἐπειδάν
1020 458 1179 514 ὃηλαὸἡ
1199 457 1428 515 ἐδικαιώθη
1453 474 1562 512 πεμ-

117 529 284 582 φθῆναι
323 527 378 582 τῷ
405 525 560 580 Σικελῷ
601 522 680 565 σύν
711 540 757 578 γε
796 526 854 582 τῷ
889 524 1171 582 Μαυροζώμῃ
1214 525 1464 580 πρωτόλειον
1491 527 1564 568 καί

116 593 186 647 τῆς
216 592 336 647 ἡμῶν
368 593 575 638 α’πωλειάς
602 591 842 644 α’κροθίνιον
860 603 870 617 ·
940 589 987 632 ὃν
1014 587 1419 647 ιῖίφειλον“Ἀρπυιαι
1446 588 1564 647 φθά-

118 674 250 701 σασαι
279 654 390 699 οὕτω
419 673 505 706 πως
535 659 766 698 διαθέσθαι
793 660 892 711 πρίν
922 654 951 712 ἢ
978 658 1051 698 καί
1077 659 1324 707 ἐξαπολέσαι
1351 658 1475 713 ἡμᾶς.
1512 655 1561 699 οὐ

117 723 198 779 γάρ
231 720 326 779 ἄρτι
354 726 397 773 ἐς
425 725 525 765 νοῦν
555 722 634 776 ἐγώ
666 722 891 779 ἑστροίφην,
923 723 1029 765 α’λλιὶ
1059 722 1129 765 τὸν
1161 720 1256 765 ὅλον
1283 727 1355 779 τῆς
1389 726 1460 767 ἐπὶ
1486 740 1561 766 πο-

65 796 107 830 10
119 793 230 847 λέμῳ
261 790 511 844 στρατηγίας
553 789 685 832 αὐτοῦ
714 789 864 845 χρόνον
894 790 1004 845 ἡμᾶς
1038 793 1116 843 μὲν
1142 788 1308 844 ἔθλιβον
1335 789 1376 840 ,οἱ
1404 793 1565 845 ἐχθροί,

117 855 197 911 ἐγώ
230 858 276 898 δὲ
306 858 482 912 ἐκεῖνον,
511 857 714 913 ἐλέγχων,
745 855 1028 911 ἐξονειδίζων,
1060 857 1268 914 έκφαι’νων
1301 857 1353 899 τὰ
1384 857 1440 906 ὥς
1465 855 1566 900 ἑκά-

118 938 235 966 στοτε
265 920 510 979 σφάλματα,
540 926 691 975 λαλῶν,
719 924 759 965 εἰ
788 925 859 965 καί
877 926 936 972 εἰς
961 924 1175 979 α’νήνυτον,
1206 922 1309 979 ἅπερ
1338 919 1487 978 ἤκουεν
1513 920 1566 967 ἂν

119 988 193 1030 καί
220 991 264 1039 ἐξ
291 985 465 1044 ἄλλων,
508 987 623 1041 εἴπερ
655 989 1015 1044 ἐπαρρησιάζοντο
1056 989 1129 1032 καί
1153 989 1210 1045 μὴ
1236 990 1283 1032 τὸ
1311 992 1385 1046 τῆς
1411 990 1565 1042 πόλεως

119 1056 347 1108 κακοτυχὲς
373 1053 527 1096 ἔκλειεν
556 1056 695 1103 αὐτοῖς
719 1055 771 1096 τὰ
803 1054 1008 1108 στόματα.

67 1129 109 1163 15
228 1122 455 1164 Δέδεικταί
478 1137 552 1174 μοι
581 1121 841 1178 ἀρκούντως,
870 1117 1010 1178 οἶμαι,
1036 1122 1093 1171 ὥς
1123 1123 1244 1164 ου’ὃέν
1271 1140 1310 1165 τι
1339 1138 1565 1178 καινοπρα-

119 1188 182 1239 γαῖ
210 1189 446 1240 κακολογῶν
492 1186 864 1243 ἅλλοφρονὴσαντα
904 1186 975 1229 τὸν
1003 1190 1161 1242 Δαυΐδ,
1191 1188 1235 1230 ὃν
1265 1191 1566 1247 σωφρονοῦντα

120 1252 294 1306 φθάσας
339 1251 552 1306 εὐλόγουν.
616 1252 695 1306 ἐγώ
729 1256 774 1294 δὲ
805 1252 917 1295 οὕτω
942 1254 1016 1296 καί
1042 1253 1115 1296 τόν
1143 1259 1323 1308 βασιλέα
1355 1254 1565 1311 Ἀνδρόνι-

120 1334 216 1371 κον,
248 1316 294 1360 ὃν
323 1318 594 1372 ὑποκαταβὰς
623 1316 699 1360 οιῖκ
726 1316 779 1361 ἂν
811 1314 861 1360 εὖ
899 1323 1032 1375 λέγειν
1061 1324 1119 1370 εἰς
1149 1321 1195 1363 τὸ
1224 1325 1306 1364 πᾶν
1334 1321 1496 1378 ἔχοιμι,
1523 1326 1570 1366 ἐν

121 1379 262 1434 ἄλλοις
301 1385 559 1440 ἐθαύμασα,
589 1387 758 1442 φράσας
798 1387 1014 1443 ἑπιλέγδην
1059 1385 1083 1428 ὅ
1120 1405 1159 1430 τι
1197 1391 1280 1431 τῶν
1325 1388 1569 1443 κρειττόνων
1617 1413 1623 1419 ·

63 1461 109 1496 20
123 1451 263 1508 ἐκείνῳ
297 1452 539 1504 ένέλαμπεν.
597 1455 649 1493 ου’
675 1451 755 1506 γάρ
787 1469 828 1494 τι
854 1452 958 1495 κατὰ
989 1452 1087 1504 τούς
1115 1454 1304 1510 φαύλους
1336 1457 1420 1497 τῶν
1447 1471 1569 1512 σοφι-

125 1519 234 1559 σταῖν
276 1517 511 1574 ἀναγράφω
551 1521 780 1575 α’ντίφωνα.
848 1522 950 1575 πρὸς
988 1523 1034 1563 δὲ
1076 1522 1366 1578 συγγραφικήν
1413 1520 1568 1578 ταύτην

122 1582 309 1637 ἱστορίαν
335 1584 411 1625 οὔκ
439 1582 524 1638 ἔχω
552 1583 751 1640 κρύπτειν
780 1581 858 1628 ὅσα
901 1592 988 1636 τοῖς
1015 1581 1112 1641 ἄρτι
1148 1587 1253 1643 πρὸς
1282 1587 1424 1645 εἱρμὸν
1455 1606 1567 1643 συμ-

120 1651 368 1707 βαίνουσιν,
399 1651 456 1701 ὥς
495 1647 522 1705 ἥ
553 1667 599 1706 γε
630 1651 751 1708 λοιπή
781 1651 997 1710 ῥητορεία,
1029 1651 1053 1709 ἦ
1085 1653 1189 1710 πρὸς
1228 1653 1351 1709 ψιλὸν
1384 1654 1565 1710 ἔπαινον,

123 1819 293 1854 diendurn
316 1821 384 1855 hoc
408 1829 481 1864 est,
519 1825 583 1858 sed
618 1825 722 1859 simul
749 1826 989 1867 audiendum,
1013 1827 1134 1872 paucis
1164 1826 1269 1861 rebus
1306 1827 1412 1869 bene,
1435 1829 1557 1862 multis

123 1869 216 1901 male
240 1870 412 1912 gerendis,
440 1872 592 1916 privasse
610 1884 689 1906 eum
706 1879 920 1918 postremum
944 1885 1017 1907 non
1036 1875 1165 1914 solum,
1191 1875 1320 1920 quibus
1346 1876 1445 1919 prius
1470 1875 1558 1921 quid

123 1926 343 1949 nummorum
373 1925 540 1963 parasset,
565 1920 735 1964 singulos,
764 1921 826 1954 sed
853 1926 997 1954 cunctos
1025 1922 1141 1962 bonis,
1162 1922 1441 1956 innumerabiles
1457 1924 1563 1956 etiam

122 1963 195 1995 vita
230 1964 380 1996 exuisse.
449 1977 494 1998 ne
533 1973 651 2000 tamen
688 1968 769 2012 quis
801 1967 889 2001 mihi
930 1969 1141 2012 exprobret,
1182 1981 1237 2002 me
1275 1981 1371 2003 nunc
1409 1970 1563 2015 resipere

122 2015 158 2042 et
185 2010 383 2055 Epimethei
413 2013 523 2046 instar
547 2026 625 2047 sero
650 2015 792 2055 sentire,
822 2016 940 2060 qualis
958 2016 1070 2049 David
1095 2018 1161 2050 iste
1183 2017 1300 2057 fuerit,
1326 2029 1369 2050 ex
1395 2029 1466 2062 quo
1493 2018 1563 2051 sci-

122 2056 208 2089 licet
232 2063 366 2102 pateat,
394 2061 528 2093 misisse
556 2073 636 2094 eum
666 2063 785 2094 Siculo
811 2074 887 2095 cum
913 2064 1138 2097 Maurozoma
1163 2064 1313 2109 praedae
1341 2070 1377 2097 et
1398 2065 1562 2098 miseriae

121 2109 264 2136 nostrae
290 2107 473 2150 primitias,
500 2120 606 2154 quern
637 2110 774 2142 utinam
794 2110 971 2155 Harpyiae
991 2111 1220 2145 abstulissent
1247 2113 1342 2157 prius
1366 2112 1561 2157 quam‘nos

122 2151 385 2195 pessumdaret:
432 2155 596 2199 equidem
621 2169 693 2190 non
717 2169 832 2202 nuper
868 2159 1022 2191 animum
1048 2159 1193 2201 mutavi,
1218 2159 1281 2192 sed
1302 2159 1472 2204 quamdiu
1497 2159 1562 2192 ille

122 2197 256 2230 bellum
284 2199 560 2243 administravit,
591 2210 630 2238 ut
655 2215 720 2237 nos
748 2204 869 2238 hostes
895 2206 1090 2247 vexabant,
1117 2207 1167 2239 ita
1193 2217 1257 2251 ego
1287 2207 1389 2239 illum
1408 2207 1561 2240 vicissim

122 2245 317 2288 arguendO,
343 2249 609 2293 exprobrando,
637 2251 874 2292 ostendendo,
902 2253 990 2298 quid
1015 2259 1247 2298 peccaretur,
1272 2254 1470 2288 dictitando
1497 2254 1562 2287 de-

122 2292 252 2336 nique,
288 2296 444 2338 quamvis
476 2297 674 2340 incassum,
714 2310 805 2344 quae
840 2301 946 2333 etiam
984 2312 1027 2334 ex
1052 2301 1132 2334 aliis
1159 2301 1347 2335 auditurus
1370 2302 1506 2343 fuisset,
1530 2302 1560 2335 si

122 2338 237 2372 libere
262 2340 318 2372 illi
344 2342 453 2376 locuti
479 2352 609 2386 essent,
636 2357 702 2379 nec
726 2347 866 2379 miseria
893 2347 988 2381 urbis
1014 2349 1221 2382 occlusisset
1245 2360 1317 2382 ora.

214 2386 321 2428 Satis,
353 2390 493 2434 opinor,
518 2391 773 2434 demonstravi,
806 2394 897 2427 nihil
921 2406 977 2428 me
1012 2396 1190 2439 singulare
1218 2397 1346 2438 facere,
1374 2406 1482 2442 quum
1505 2407 1564 2428 re-

122 2431 307 2477 prehendo
337 2447 489 2482 nequam
529 2439 659 2473 facturn
696 2440 834 2480 David,
865 2453 971 2487 quem
1011 2444 1107 2486 prius
1135 2444 1332 2488 sapientem
1359 2442 1562 2476 laudabam.

123 2480 289 2513 similiter
324 2482 572 2528 imperatorem
597 2487 837 2521 Andronicum
875 2501 1042 2534 quoque,
1067 2502 1172 2535 quem
1198 2491 1414 2535 procedente
1447 2501 1562 2523 rerum

122 2529 326 2561 narratione
359 2542 431 2564 non
467 2533 640 2567 laudarim
674 2542 873 2580 perpetuo,
899 2538 933 2568 in
959 2538 1039 2570 aliis
1066 2538 1170 2571 rebus
1194 2540 1338 2570 miratus
1364 2549 1454 2579 sum,
1481 2538 1563 2571 stri-

123 2575 208 2607 ctim
233 2581 526 2622 commemoratis,
552 2582 681 2626 quibus
708 2583 897 2628 praecipue
912 2583 1138 2628 splendebat,
1164 2585 1367 2618 virtutihus,
1416 2585 1563 2618 minime

123 2622 216 2654 enirn
242 2624 411 2658 malorum
436 2627 672 2671 sophistarum
700 2631 864 2675 exemplo
898 2631 1176 2666 declamationes
1204 2633 1241 2665 iu
1270 2638 1453 2678 utramque
1480 2643 1563 2677 par-

122 2672 194 2702 tem
215 2670 341 2706 scribo.
410 2674 507 2720 quod
538 2681 657 2711 autem
693 2677 738 2711 ad
766 2677 858 2711 hanc
885 2689 1000 2714 rerum
1024 2691 1139 2725 nuper
1165 2686 1342 2726 gestarum
1366 2680 1562 2715 enarratio-
