<?xml version="1.0" encoding="UTF-8"?>
<!DOCTYPE html PUBLIC "-//W3C//DTD XHTML 1.0 Transitional//EN"
    "http://www.w3.org/TR/xhtml1/DTD/xhtml1-transitional.dtd">
<html xmlns="http://www.w3.org/1999/xhtml" xml:lang="en" lang="en">
 <head>
  <title>
</title>
<meta http-equiv="Content-Type" content="text/html;charset=utf-8" />
  <meta name='ocr-system' content='tesseract 3.04.00' />
  <meta name='ocr-capabilities' content='ocr_page ocr_carea ocr_par ocr_line ocrx_word'/>
</head>
<body>
  <div class='ocr_page' id='page_1' title='image "./corpusscriptorum34niebuoft/corpusscriptorum34niebuoft_0189.png"; bbox 0 0 1838 3132; ppageno 0'>
   <div class='ocr_carea' id='block_1_1' title="bbox 586 131 1551 187">
    <p class='ocr_par' dir='ltr' id='par_1_1' title="bbox 586 131 1551 187">
     <span class='ocr_line' id='line_1_1' title="bbox 586 131 1551 187; baseline 0.005 -14"><span class='ocrx_word' id='word_1_1' title='bbox 586 131 1074 187; x_wconf 72' lang='lat' dir='ltr'>CHRONOGRAPHm.</span> <span class='ocrx_word' id='word_1_2' title='bbox 1454 134 1551 182; x_wconf 57' lang='lat'>,177</span> 
     </span>
    </p>
   </div>
   <div class='ocr_carea' id='block_1_2' title="bbox 45 230 1560 1741">
    <p class='ocr_par' dir='ltr' id='par_1_2' title="bbox 45 230 1560 1741">
     <span class='ocr_line' id='line_1_2' title="bbox 107 230 1558 292; baseline 0.003 -19"><span class='ocrx_word' id='word_1_3' title='bbox 107 230 293 287; x_wconf 74' lang='grc' dir='ltr'>Ι’τραπέζῃ</span> <span class='ocrx_word' id='word_1_4' title='bbox 323 231 396 285; x_wconf 81' lang='grc' dir='ltr'>τῆς</span> <span class='ocrx_word' id='word_1_5' title='bbox 437 233 618 288; x_wconf 81' lang='grc' dir='ltr'><strong><em>μεγάλης</em></strong></span> <span class='ocrx_word' id='word_1_6' title='bbox 657 234 872 287; x_wconf 79' lang='grc' dir='ltr'><strong><em>ἐκκλησίας</em></strong></span> <span class='ocrx_word' id='word_1_7' title='bbox 914 230 1146 284; x_wconf 72' lang='grc' dir='ltr'><strong><em>ἀπετάξατο</em></strong></span> <span class='ocrx_word' id='word_1_8' title='bbox 1174 235 1226 291; x_wconf 83' lang='grc' dir='ltr'><em>τῇ</em></span> <span class='ocrx_word' id='word_1_9' title='bbox 1252 234 1455 292; x_wconf 74' lang='grc' dir='ltr'><em>ἱερωσύνῃ</em></span> <span class='ocrx_word' id='word_1_10' title='bbox 1483 238 1558 278; x_wconf 81' lang='grc' dir='ltr'><strong><em>καί</em></strong></span> 
     </span>
     <span class='ocr_line' id='line_1_3' title="bbox 108 294 1556 354; baseline 0.004 -16"><span class='ocrx_word' id='word_1_11' title='bbox 108 294 398 352; x_wconf 61' lang='grc' dir='ltr'><strong><em>ὑπεχώρησεν,</em></strong></span> <span class='ocrx_word' id='word_1_12' title='bbox 452 297 473 338; x_wconf 82' lang='grc' dir='ltr'><strong><em>ὅ</em></strong></span> <span class='ocrx_word' id='word_1_13' title='bbox 508 300 554 341; x_wconf 82' lang='grc' dir='ltr'>δὲ</span> <span class='ocrx_word' id='word_1_14' title='bbox 580 297 791 352; x_wconf 76' lang='grc' dir='ltr'><strong><em>θεομάχος</em></strong></span> <span class='ocrx_word' id='word_1_15' title='bbox 821 301 908 340; x_wconf 71' lang='grc' dir='ltr'><strong><em>ἄντ’</em></strong></span> <span class='ocrx_word' id='word_1_16' title='bbox 938 300 1072 340; x_wconf 77' lang='grc' dir='ltr'><em>αὐτοῦ</em></span> <span class='ocrx_word' id='word_1_17' title='bbox 1099 306 1334 354; x_wconf 79' lang='grc' dir='ltr'><em>χειροτονεῖ</em></span> <span class='ocrx_word' id='word_1_18' title='bbox 1360 301 1556 347; x_wconf 68' lang='lat' dir='ltr'>’Ammoi-</span> 
     </span>
     <span class='ocr_line' id='line_1_4' title="bbox 106 360 1556 423; baseline 0.003 -18"><span class='ocrx_word' id='word_1_19' title='bbox 106 377 200 405; x_wconf 89' lang='grc' dir='ltr'><strong><em>σιον</em></strong></span> <span class='ocrx_word' id='word_1_20' title='bbox 228 364 524 420; x_wconf 76' lang='grc' dir='ltr'><strong><em>πρεσβύτερον,</em></strong></span> <span class='ocrx_word' id='word_1_21' title='bbox 555 365 813 417; x_wconf 72' lang='grc' dir='ltr'><strong><em>συνθέμενον</em></strong></span> <span class='ocrx_word' id='word_1_22' title='bbox 839 366 890 420; x_wconf 84' lang='grc' dir='ltr'><em>τῇ</em></span> <span class='ocrx_word' id='word_1_23' title='bbox 917 360 1063 418; x_wconf 77' lang='grc' dir='ltr'><strong><em>ἀσεβεῖ</em></strong></span> <span class='ocrx_word' id='word_1_24' title='bbox 1086 367 1217 408; x_wconf 67' lang='grc' dir='ltr'><em>αὐτοῦ</em></span> <span class='ocrx_word' id='word_1_25' title='bbox 1243 369 1386 423; x_wconf 75' lang='grc' dir='ltr'><em>βουλῇ,</em></span> <span class='ocrx_word' id='word_1_26' title='bbox 1416 366 1556 409; x_wconf 69' lang='grc' dir='ltr'><strong><em>πᾶσαν</em></strong></span> 
     </span>
     <span class='ocr_line' id='line_1_5' title="bbox 107 429 1560 487; baseline 0.003 -17"><span class='ocrx_word' id='word_1_27' title='bbox 107 443 150 470; x_wconf 80' lang='grc' dir='ltr'>τε</span> <span class='ocrx_word' id='word_1_28' title='bbox 179 429 318 471; x_wconf 81' lang='grc' dir='ltr'><strong><em>εἰκόνα</em></strong></span> <span class='ocrx_word' id='word_1_29' title='bbox 345 433 422 471; x_wconf 83' lang='grc' dir='ltr'><em>τοῦ</em></span> <span class='ocrx_word' id='word_1_30' title='bbox 460 433 649 486; x_wconf 70' lang='grc' dir='ltr'><em>σωτῆρος</em></span> <span class='ocrx_word' id='word_1_31' title='bbox 689 430 807 485; x_wconf 75' lang='grc' dir='ltr'><strong><em>ἡμῶν</em></strong></span> <span class='ocrx_word' id='word_1_32' title='bbox 850 429 923 471; x_wconf 83' lang='grc' dir='ltr'><strong><em>καί</em></strong></span> <span class='ocrx_word' id='word_1_33' title='bbox 958 433 1029 484; x_wconf 83' lang='grc' dir='ltr'>τῆς</span> <span class='ocrx_word' id='word_1_34' title='bbox 1069 430 1269 473; x_wconf 77' lang='grc' dir='ltr'><strong><em>θεοτόκου</em></strong></span> <span class='ocrx_word' id='word_1_35' title='bbox 1296 432 1454 487; x_wconf 83' lang='grc' dir='ltr'><em>μητρὸς</em></span> <span class='ocrx_word' id='word_1_36' title='bbox 1487 433 1560 474; x_wconf 80' lang='grc' dir='ltr'>καί</span> 
     </span>
     <span class='ocr_line' id='line_1_6' title="bbox 74 495 1556 553; baseline 0.001 -14"><span class='ocrx_word' id='word_1_37' title='bbox 74 497 188 539; x_wconf 76' lang='grc' dir='ltr'><em>ὅτοΐίν</em></span> <span class='ocrx_word' id='word_1_38' title='bbox 236 495 364 549; x_wconf 82' lang='grc' dir='ltr'><em>ἁγίων</em></span> <span class='ocrx_word' id='word_1_39' title='bbox 405 500 659 550; x_wconf 83' lang='grc' dir='ltr'><strong><em>κατέστρεψε</em></strong></span> <span class='ocrx_word' id='word_1_40' title='bbox 701 495 774 536; x_wconf 83' lang='grc' dir='ltr'><em>καί</em></span> <span class='ocrx_word' id='word_1_41' title='bbox 815 496 1066 552; x_wconf 77' lang='grc' dir='ltr'><strong><em>κατέκαυσε,</em></strong></span> <span class='ocrx_word' id='word_1_42' title='bbox 1105 497 1177 539; x_wconf 83' lang='grc' dir='ltr'><em>καί</em></span> <span class='ocrx_word' id='word_1_43' title='bbox 1213 497 1398 552; x_wconf 81' lang='grc' dir='ltr'><em>διωγμὸν</em></span> <span class='ocrx_word' id='word_1_44' title='bbox 1422 501 1556 553; x_wconf 79' lang='grc' dir='ltr'><em>μέγαν</em></span> 
     </span>
     <span class='ocr_line' id='line_1_7' title="bbox 111 561 1555 619; baseline 0.002 -17"><span class='ocrx_word' id='word_1_45' title='bbox 111 562 274 615; x_wconf 81' lang='grc' dir='ltr'><em>ἐγείρας</em></span> <span class='ocrx_word' id='word_1_46' title='bbox 302 561 479 610; x_wconf 78' lang='grc' dir='ltr'><em>πολλοὺς</em></span> <span class='ocrx_word' id='word_1_47' title='bbox 508 561 633 615; x_wconf 78' lang='grc' dir='ltr'><strong><em>ἱερεῖς</em></strong></span> <span class='ocrx_word' id='word_1_48' title='bbox 658 561 731 603; x_wconf 81' lang='grc' dir='ltr'><em>καί</em></span> <span class='ocrx_word' id='word_1_49' title='bbox 756 562 1015 614; x_wconf 73' lang='grc' dir='ltr'><em>μονάζοντας</em></span> <span class='ocrx_word' id='word_1_50' title='bbox 1042 565 1114 604; x_wconf 83' lang='grc' dir='ltr'><em>καί</em></span> <span class='ocrx_word' id='word_1_51' title='bbox 1131 563 1302 612; x_wconf 79' lang='grc' dir='ltr'><em>λαϊκούς</em></span> <span class='ocrx_word' id='word_1_52' title='bbox 1332 563 1555 619; x_wconf 74' lang='grc' dir='ltr'><em>διαφόροις</em></span> 
     </span>
     <span class='ocr_line' id='line_1_8' title="bbox 111 625 1556 683; baseline 0.003 -16"><span class='ocrx_word' id='word_1_53' title='bbox 111 628 335 680; x_wconf 70' lang='grc' dir='ltr'><em>τιμωρίαις</em></span> <span class='ocrx_word' id='word_1_54' title='bbox 381 627 454 669; x_wconf 84' lang='grc' dir='ltr'><em>καί</em></span> <span class='ocrx_word' id='word_1_55' title='bbox 488 625 685 675; x_wconf 77' lang='grc' dir='ltr'>θανάτοις</span> <span class='ocrx_word' id='word_1_56' title='bbox 720 630 950 680; x_wconf 84' lang='grc' dir='ltr'><em>παρέδωκε.</em></span> <span class='ocrx_word' id='word_1_57' title='bbox 1019 629 1190 683; x_wconf 91' lang='grc' dir='ltr'><strong><em>πλησίον</em></strong></span> <span class='ocrx_word' id='word_1_58' title='bbox 1220 631 1266 670; x_wconf 79' lang='grc' dir='ltr'>δὲ</span> <span class='ocrx_word' id='word_1_59' title='bbox 1293 633 1374 671; x_wconf 80' lang='grc' dir='ltr'><strong><em>τῶν</em></strong></span> <span class='ocrx_word' id='word_1_60' title='bbox 1400 633 1556 683; x_wconf 85' lang='grc' dir='ltr'><em>χαλκο-</em></span> 
     </span>
     <span class='ocr_line' id='line_1_9' title="bbox 109 689 1556 752; baseline 0.003 -19"><span class='ocrx_word' id='word_1_61' title='bbox 109 695 316 746; x_wconf 84' lang='grc' dir='ltr'><strong><em>πρατείων</em></strong></span> <span class='ocrx_word' id='word_1_62' title='bbox 341 695 542 735; x_wconf 77' lang='grc' dir='ltr'><em>παλάτιον</em></span> <span class='ocrx_word' id='word_1_63' title='bbox 571 689 621 747; x_wconf 80' lang='grc' dir='ltr'><strong><em>ἦν</em></strong></span> <span class='ocrx_word' id='word_1_64' title='bbox 651 693 815 747; x_wconf 81' lang='grc' dir='ltr'><strong><em>σεμνόν,</em></strong></span> <span class='ocrx_word' id='word_1_65' title='bbox 855 695 899 735; x_wconf 77' lang='grc' dir='ltr'><strong><em>ἐν</em></strong></span> <span class='ocrx_word' id='word_1_66' title='bbox 930 689 964 752; x_wconf 78' lang='grc' dir='ltr'><em>ᾦ</em></span> <span class='ocrx_word' id='word_1_67' title='bbox 995 695 1160 749; x_wconf 76' lang='grc' dir='ltr'><strong><em>ὑπῆρχε</em></strong></span> <span class='ocrx_word' id='word_1_68' title='bbox 1187 694 1293 736; x_wconf 71' lang='grc' dir='ltr'>καταΙ</span> <span class='ocrx_word' id='word_1_69' title='bbox 1321 694 1450 738; x_wconf 78' lang='grc' dir='ltr'><strong><em>τύπον</em></strong></span> <span class='ocrx_word' id='word_1_70' title='bbox 1478 698 1556 751; x_wconf 77' lang='grc' dir='ltr'><em>α’ρ-</em></span> 
     </span>
     <span class='ocr_line' id='line_1_10' title="bbox 67 758 1557 817; baseline 0.003 -19"><span class='ocrx_word' id='word_1_71' title='bbox 67 814 70 816; x_wconf 29' lang='lat'>·</span> <span class='ocrx_word' id='word_1_72' title='bbox 104 763 231 811; x_wconf 80' lang='grc' dir='ltr'><em>χαῖον</em></span> <span class='ocrx_word' id='word_1_73' title='bbox 257 759 540 812; x_wconf 82' lang='grc' dir='ltr'><strong><em>οἰκουμενικὸς</em></strong></span> <span class='ocrx_word' id='word_1_74' title='bbox 570 759 830 816; x_wconf 75' lang='grc' dir='ltr'><em>διδάσκαλος,</em></span> <span class='ocrx_word' id='word_1_75' title='bbox 864 759 972 815; x_wconf 78' lang='grc' dir='ltr'><em>ἔχων</em></span> <span class='ocrx_word' id='word_1_76' title='bbox 989 761 1276 815; x_wconf 81' lang='grc' dir='ltr'>συλλήπτορας</span> <span class='ocrx_word' id='word_1_77' title='bbox 1292 758 1448 817; x_wconf 69' lang='grc' dir='ltr'><em>ἄνδρας</em></span> <span class='ocrx_word' id='word_1_78' title='bbox 1475 762 1557 804; x_wconf 77' lang='grc' dir='ltr'><em>τῶν</em></span> 
     </span>
     <span class='ocr_line' id='line_1_11' title="bbox 51 821 1557 883; baseline 0.002 -17"><span class='ocrx_word' id='word_1_79' title='bbox 51 833 95 867; x_wconf 85' lang='grc'>10</span> <span class='ocrx_word' id='word_1_80' title='bbox 108 825 152 866; x_wconf 81' lang='grc' dir='ltr'><strong><em>ἐν</em></strong></span> <span class='ocrx_word' id='word_1_81' title='bbox 177 821 284 866; x_wconf 79' lang='grc' dir='ltr'>τὲλὲι</span> <span class='ocrx_word' id='word_1_82' title='bbox 318 823 389 873; x_wconf 85' lang='grc' dir='ltr'><strong><em>τὸν</em></strong></span> <span class='ocrx_word' id='word_1_83' title='bbox 429 824 617 879; x_wconf 74' lang='grc' dir='ltr'><strong><em>ἀριθμὸν</em></strong></span> <span class='ocrx_word' id='word_1_84' title='bbox 647 824 834 880; x_wconf 79' lang='grc' dir='ltr'><em>δώδεκα,</em></span> <span class='ocrx_word' id='word_1_85' title='bbox 872 829 1013 868; x_wconf 79' lang='grc' dir='ltr'><strong><em>πᾶσαν</em></strong></span> <span class='ocrx_word' id='word_1_86' title='bbox 1042 826 1272 882; x_wconf 74' lang='grc' dir='ltr'><strong><em>ἐπιστήμην</em></strong></span> <span class='ocrx_word' id='word_1_87' title='bbox 1299 829 1557 883; x_wconf 84' lang='grc' dir='ltr'><strong><em>μετερχομέ-</em></strong></span> 
     </span>
     <span class='ocr_line' id='line_1_12' title="bbox 103 890 1557 947; baseline 0.002 -15"><span class='ocrx_word' id='word_1_88' title='bbox 103 905 200 940; x_wconf 87' lang='grc' dir='ltr'><em>νους</em></span> <span class='ocrx_word' id='word_1_89' title='bbox 244 894 317 932; x_wconf 81' lang='grc' dir='ltr'><em>καί</em></span> <span class='ocrx_word' id='word_1_90' title='bbox 354 891 405 933; x_wconf 81' lang='grc' dir='ltr'><em>τὰ</em></span> <span class='ocrx_word' id='word_1_91' title='bbox 435 890 749 946; x_wconf 79' lang='grc' dir='ltr'><em>ἐκκλησιαστικοὶ</em></span> <span class='ocrx_word' id='word_1_92' title='bbox 788 891 1063 947; x_wconf 81' lang='grc' dir='ltr'><em>κρατύνοντας</em></span> <span class='ocrx_word' id='word_1_93' title='bbox 1103 892 1303 946; x_wconf 76' lang='grc' dir='ltr'><em>δόγματα,</em></span> <span class='ocrx_word' id='word_1_94' title='bbox 1334 892 1557 946; x_wconf 80' lang='grc' dir='ltr'><em>βασιλικάς</em></span> 
     </span>
     <span class='ocr_line' id='line_1_13' title="bbox 102 953 1557 1012; baseline 0.001 -14"><span class='ocrx_word' id='word_1_95' title='bbox 102 972 147 999; x_wconf 85' lang='grc' dir='ltr'>τε</span> <span class='ocrx_word' id='word_1_96' title='bbox 188 958 351 1006; x_wconf 76' lang='grc' dir='ltr'><em>διαίτας</em></span> <span class='ocrx_word' id='word_1_97' title='bbox 395 958 467 998; x_wconf 85' lang='grc' dir='ltr'><em>καί</em></span> <span class='ocrx_word' id='word_1_98' title='bbox 502 958 672 1010; x_wconf 84' lang='grc' dir='ltr'><em>βίβλους</em></span> <span class='ocrx_word' id='word_1_99' title='bbox 704 956 878 1011; x_wconf 77' lang='grc' dir='ltr'><em>ἔχοντας</em></span> <span class='ocrx_word' id='word_1_100' title='bbox 921 958 1152 1008; x_wconf 68' lang='grc' dir='ltr'><em>αἱσαιίτως*</em></span> <span class='ocrx_word' id='word_1_101' title='bbox 1209 953 1268 1001; x_wconf 72' lang='grc' dir='ltr'><strong><em>ὧν</em></strong></span> <span class='ocrx_word' id='word_1_102' title='bbox 1298 957 1336 1000; x_wconf 84' lang='grc' dir='ltr'>οἱ</span> <span class='ocrx_word' id='word_1_103' title='bbox 1367 962 1557 1012; x_wconf 82' lang='grc' dir='ltr'><em>βασιλεῖς</em></span> 
     </span>
     <span class='ocr_line' id='line_1_14' title="bbox 102 1018 1554 1086; baseline 0 -22"><span class='ocrx_word' id='word_1_104' title='bbox 102 1018 201 1065; x_wconf 74' lang='grc' dir='ltr'><strong><em>ἄνευ</em></strong></span> <span class='ocrx_word' id='word_1_105' title='bbox 227 1022 384 1086; x_wconf 55' lang='grc' dir='ltr'><em>βουλήν</em></span> <span class='ocrx_word' id='word_1_106' title='bbox 412 1020 442 1078; x_wconf 76' lang='grc' dir='ltr'><em>ἢ</em></span> <span class='ocrx_word' id='word_1_107' title='bbox 470 1023 637 1078; x_wconf 77' lang='grc' dir='ltr'><strong><em>γνώμην</em></strong></span> <span class='ocrx_word' id='word_1_108' title='bbox 665 1024 740 1065; x_wconf 73' lang='grc' dir='ltr'>οὐκ</span> <span class='ocrx_word' id='word_1_109' title='bbox 762 1025 998 1076; x_wconf 73' lang='grc' dir='ltr'><strong><em>ἐθέσπιζον.</em></strong></span> <span class='ocrx_word' id='word_1_110' title='bbox 1058 1021 1228 1073; x_wconf 80' lang='grc' dir='ltr'><em>τούτους</em></span> <span class='ocrx_word' id='word_1_111' title='bbox 1256 1024 1278 1065; x_wconf 78' lang='grc' dir='ltr'><em>ὃ</em></span> <span class='ocrx_word' id='word_1_112' title='bbox 1308 1023 1554 1077; x_wconf 81' lang='grc' dir='ltr'><em>δυσώνυμος</em></span> 
     </span>
     <span class='ocr_line' id='line_1_15' title="bbox 102 1087 1554 1146; baseline 0 -15"><span class='ocrx_word' id='word_1_113' title='bbox 102 1087 184 1144; x_wconf 72' lang='grc' dir='ltr'>θηρ</span> <span class='ocrx_word' id='word_1_114' title='bbox 214 1089 602 1143; x_wconf 78' lang='grc' dir='ltr'><strong><em>προσκαλεσάμενος</em></strong></span> <span class='ocrx_word' id='word_1_115' title='bbox 648 1092 844 1146; x_wconf 79' lang='grc' dir='ltr'><strong><em>ἐπειρᾶτο</em></strong></span> <span class='ocrx_word' id='word_1_116' title='bbox 875 1093 1072 1132; x_wconf 76' lang='grc' dir='ltr'><strong><em>πείθειν·</em></strong></span> <span class='ocrx_word' id='word_1_117' title='bbox 1137 1093 1220 1133; x_wconf 77' lang='grc' dir='ltr'><strong><em>τῶν</em></strong></span> <span class='ocrx_word' id='word_1_118' title='bbox 1264 1092 1310 1132; x_wconf 83' lang='grc' dir='ltr'>δὲ</span> <span class='ocrx_word' id='word_1_119' title='bbox 1337 1088 1395 1145; x_wconf 74' lang='grc' dir='ltr'>μὴ</span> <span class='ocrx_word' id='word_1_120' title='bbox 1425 1107 1554 1131; x_wconf 81' lang='grc' dir='ltr'><em>κατα-</em></span> 
     </span>
     <span class='ocr_line' id='line_1_16' title="bbox 49 1156 1555 1212; baseline -0.001 -14"><span class='ocrx_word' id='word_1_121' title='bbox 49 1164 92 1199; x_wconf 84' lang='grc'>15</span> <span class='ocrx_word' id='word_1_122' title='bbox 104 1158 338 1209; x_wconf 81' lang='grc' dir='ltr'><strong><em>δεξαμένων</em></strong></span> <span class='ocrx_word' id='word_1_123' title='bbox 387 1158 477 1198; x_wconf 89' lang='grc' dir='ltr'><em>α’λλ’</em></span> <span class='ocrx_word' id='word_1_124' title='bbox 521 1156 772 1211; x_wconf 69' lang='grc' dir='ltr'><strong><em>ε’λεγξάντων</em></strong></span> <span class='ocrx_word' id='word_1_125' title='bbox 823 1156 977 1212; x_wconf 71' lang='grc' dir='ltr'><em>αὐτόν,</em></span> <span class='ocrx_word' id='word_1_126' title='bbox 1029 1158 1276 1211; x_wconf 78' lang='grc' dir='ltr'><strong><em>προσέταξεν</em></strong></span> <span class='ocrx_word' id='word_1_127' title='bbox 1328 1158 1555 1211; x_wconf 75' lang='grc' dir='ltr'><strong><em>ἐνεχθῆναι</em></strong></span> 
     </span>
     <span class='ocr_line' id='line_1_17' title="bbox 100 1218 1554 1279; baseline 0.001 -15"><span class='ocrx_word' id='word_1_128' title='bbox 100 1225 260 1278; x_wconf 74' lang='grc' dir='ltr'><em>πλῆθος</em></span> <span class='ocrx_word' id='word_1_129' title='bbox 291 1222 439 1276; x_wconf 81' lang='grc' dir='ltr'><em>ξύλων,</em></span> <span class='ocrx_word' id='word_1_130' title='bbox 466 1223 539 1264; x_wconf 84' lang='grc' dir='ltr'><em>καί</em></span> <span class='ocrx_word' id='word_1_131' title='bbox 565 1224 724 1265; x_wconf 85' lang='grc' dir='ltr'><em>τούτων</em></span> <span class='ocrx_word' id='word_1_132' title='bbox 755 1221 1037 1279; x_wconf 77' lang='grc' dir='ltr'><em>ὗπαφθὲντων</em></span> <span class='ocrx_word' id='word_1_133' title='bbox 1063 1225 1320 1278; x_wconf 85' lang='grc' dir='ltr'><em>κατακαῆναι</em></span> <span class='ocrx_word' id='word_1_134' title='bbox 1351 1223 1448 1272; x_wconf 82' lang='grc' dir='ltr'><em>τούς</em></span> <span class='ocrx_word' id='word_1_135' title='bbox 1476 1218 1554 1265; x_wconf 72' lang='grc' dir='ltr'><em>ὅτ’-</em></span> 
     </span>
     <span class='ocr_line' id='line_1_18' title="bbox 101 1287 1554 1344; baseline -0.001 -13"><span class='ocrx_word' id='word_1_136' title='bbox 101 1292 205 1344; x_wconf 84' lang='grc' dir='ltr'><em>δρας</em></span> <span class='ocrx_word' id='word_1_137' title='bbox 239 1288 318 1331; x_wconf 75' lang='grc' dir='ltr'><strong><em>σῦν</em></strong></span> <span class='ocrx_word' id='word_1_138' title='bbox 359 1294 445 1338; x_wconf 83' lang='grc' dir='ltr'><em>τοῖς</em></span> <span class='ocrx_word' id='word_1_139' title='bbox 485 1287 681 1344; x_wconf 74' lang='grc' dir='ltr'><em>οἰκήμασι</em></span> <span class='ocrx_word' id='word_1_140' title='bbox 723 1291 795 1331; x_wconf 78' lang='grc' dir='ltr'><em>καί</em></span> <span class='ocrx_word' id='word_1_141' title='bbox 830 1289 1009 1343; x_wconf 83' lang='grc' dir='ltr'><em>βιβλίοις</em></span> <span class='ocrx_word' id='word_1_142' title='bbox 1049 1289 1122 1332; x_wconf 84' lang='grc' dir='ltr'><em>καί</em></span> <span class='ocrx_word' id='word_1_143' title='bbox 1156 1295 1240 1338; x_wconf 82' lang='grc' dir='ltr'><em>τοῖς</em></span> <span class='ocrx_word' id='word_1_144' title='bbox 1279 1294 1436 1338; x_wconf 80' lang='grc' dir='ltr'><em>λοιποῖς</em></span> <span class='ocrx_word' id='word_1_145' title='bbox 1476 1290 1554 1330; x_wconf 79' lang='lat' dir='ltr'>av&#39;-</span> 
     </span>
     <span class='ocr_line' id='line_1_19' title="bbox 101 1357 325 1399; baseline -0.009 -1"><span class='ocrx_word' id='word_1_146' title='bbox 101 1358 182 1399; x_wconf 76' lang='grc' dir='ltr'><em>τῶν</em></span> <span class='ocrx_word' id='word_1_147' title='bbox 209 1357 325 1397; x_wconf 80' lang='grc' dir='ltr'><strong><em>πᾶσι.</em></strong></span> 
     </span>
     <span class='ocr_line' id='line_1_20' title="bbox 210 1419 1551 1477; baseline -0.001 -13"><span class='ocrx_word' id='word_1_148' title='bbox 210 1421 297 1464; x_wconf 83' lang='grc' dir='ltr'>Διὰ</span> <span class='ocrx_word' id='word_1_149' title='bbox 327 1423 460 1464; x_wconf 77' lang='grc' dir='ltr'><em>ταῦτα</em></span> <span class='ocrx_word' id='word_1_150' title='bbox 498 1420 518 1463; x_wconf 83' lang='grc' dir='ltr'>ὁ</span> <span class='ocrx_word' id='word_1_151' title='bbox 548 1422 746 1477; x_wconf 85' lang='grc' dir='ltr'><strong><em>πρόεδρος</em></strong></span> <span class='ocrx_word' id='word_1_152' title='bbox 781 1421 948 1476; x_wconf 81' lang='grc' dir='ltr'><em>Ῥώμης</em></span> <span class='ocrx_word' id='word_1_153' title='bbox 990 1420 1214 1477; x_wconf 78' lang='grc' dir='ltr'><strong><em>ιῖφηνιάσε,</em></strong></span> <span class='ocrx_word' id='word_1_154' title='bbox 1248 1423 1321 1462; x_wconf 86' lang='grc' dir='ltr'>καί</span> <span class='ocrx_word' id='word_1_155' title='bbox 1346 1420 1451 1475; x_wconf 83' lang='grc' dir='ltr'><em>πρὸς</em></span> <span class='ocrx_word' id='word_1_156' title='bbox 1478 1419 1551 1463; x_wconf 77' lang='grc' dir='ltr'><strong><em>τόν</em></strong></span> 
     </span>
     <span class='ocr_line' id='line_1_21' title="bbox 45 1485 1549 1543; baseline 0.001 -16"><span class='ocrx_word' id='word_1_157' title='bbox 45 1491 91 1527; x_wconf 84' lang='lat'>20</span> <span class='ocrx_word' id='word_1_158' title='bbox 105 1485 298 1542; x_wconf 78' lang='grc' dir='ltr'><em>Φράγγον</em></span> <span class='ocrx_word' id='word_1_159' title='bbox 325 1486 508 1543; x_wconf 76' lang='grc' dir='ltr'><strong><em>σπονδήν</em></strong></span> <span class='ocrx_word' id='word_1_160' title='bbox 529 1486 739 1543; x_wconf 72' lang='grc' dir='ltr'><strong><em>εἰρηνικήν</em></strong></span> <span class='ocrx_word' id='word_1_161' title='bbox 767 1486 1044 1543; x_wconf 76' lang='grc' dir='ltr'><strong><em>ποιησάμενος</em></strong></span> <span class='ocrx_word' id='word_1_162' title='bbox 1070 1486 1167 1536; x_wconf 77' lang='grc' dir='ltr'><em>τούς</em></span> <span class='ocrx_word' id='word_1_163' title='bbox 1182 1502 1226 1528; x_wconf 86' lang='grc' dir='ltr'>τε</span> <span class='ocrx_word' id='word_1_164' title='bbox 1258 1486 1415 1542; x_wconf 86' lang='grc' dir='ltr'><em>φόρους</em></span> <span class='ocrx_word' id='word_1_165' title='bbox 1442 1485 1549 1528; x_wconf 78' lang='grc' dir='ltr'><em>ἑκώ-</em></span> 
     </span>
     <span class='ocr_line' id='line_1_22' title="bbox 100 1552 1549 1610; baseline -0.001 -15"><span class='ocrx_word' id='word_1_166' title='bbox 100 1558 201 1596; x_wconf 86' lang='grc' dir='ltr'><strong><em>λυσε</em></strong></span> <span class='ocrx_word' id='word_1_167' title='bbox 220 1555 295 1596; x_wconf 81' lang='grc' dir='ltr'><strong><em>καί</em></strong></span> <span class='ocrx_word' id='word_1_168' title='bbox 315 1552 591 1597; x_wconf 80' lang='grc' dir='ltr'><em>Ἀναστάσιον</em></span> <span class='ocrx_word' id='word_1_169' title='bbox 617 1557 688 1596; x_wconf 82' lang='grc' dir='ltr'><em>καί</em></span> <span class='ocrx_word' id='word_1_170' title='bbox 705 1552 800 1603; x_wconf 75' lang='grc' dir='ltr'><em>τούς</em></span> <span class='ocrx_word' id='word_1_171' title='bbox 825 1553 905 1596; x_wconf 75' lang='grc' dir='ltr'><strong><em>σύν</em></strong></span> <span class='ocrx_word' id='word_1_172' title='bbox 935 1555 1050 1610; x_wconf 64' lang='grc' dir='ltr'><em>αὐτῷ</em></span> <span class='ocrx_word' id='word_1_173' title='bbox 1078 1552 1392 1606; x_wconf 77' lang='grc' dir='ltr'><strong><em>ἆνεθεμάτισεν.</em></strong></span> <span class='ocrx_word' id='word_1_174' title='bbox 1449 1552 1471 1593; x_wconf 81' lang='grc' dir='ltr'>ὁ</span> <span class='ocrx_word' id='word_1_175' title='bbox 1501 1554 1549 1594; x_wconf 80' lang='grc' dir='ltr'>δὲ</span> 
     </span>
     <span class='ocr_line' id='line_1_23' title="bbox 101 1618 1548 1676; baseline -0.002 -14"><span class='ocrx_word' id='word_1_176' title='bbox 101 1621 184 1662; x_wconf 80' lang='grc' dir='ltr'><em>τῶν</em></span> <span class='ocrx_word' id='word_1_177' title='bbox 211 1622 466 1676; x_wconf 78' lang='grc' dir='ltr'><em>Σαρακηνῶν</em></span> <span class='ocrx_word' id='word_1_178' title='bbox 495 1618 720 1675; x_wconf 75' lang='grc' dir='ltr'><strong><em>ἡγούμενος</em></strong></span> <span class='ocrx_word' id='word_1_179' title='bbox 740 1619 986 1672; x_wconf 67' lang='grc' dir='ltr'><em>ΠΙάσαλμας</em></span> <span class='ocrx_word' id='word_1_180' title='bbox 1023 1620 1233 1673; x_wconf 79' lang='grc' dir='ltr'><strong><em>ἐξεδέχετο</em></strong></span> <span class='ocrx_word' id='word_1_181' title='bbox 1259 1618 1332 1667; x_wconf 77' lang='grc' dir='ltr'>τὰς</span> <span class='ocrx_word' id='word_1_182' title='bbox 1362 1620 1437 1659; x_wconf 82' lang='grc' dir='ltr'><em>τοῦ</em></span> <span class='ocrx_word' id='word_1_183' title='bbox 1457 1623 1548 1660; x_wconf 58' lang='grc' dir='ltr'>Λέη</span> 
     </span>
     <span class='ocr_line' id='line_1_24' title="bbox 101 1684 1550 1741; baseline -0.001 -13"><span class='ocrx_word' id='word_1_184' title='bbox 101 1701 218 1737; x_wconf 86' lang='grc' dir='ltr'><em>οντος</em></span> <span class='ocrx_word' id='word_1_185' title='bbox 249 1685 516 1741; x_wconf 75' lang='grc' dir='ltr'><strong><em>ὑποσχέσεις·</em></strong></span> <span class='ocrx_word' id='word_1_186' title='bbox 582 1688 714 1741; x_wconf 77' lang='grc' dir='ltr'><strong><em>μηδὲν</em></strong></span> <span class='ocrx_word' id='word_1_187' title='bbox 751 1687 798 1728; x_wconf 81' lang='grc' dir='ltr'>δὲ</span> <span class='ocrx_word' id='word_1_188' title='bbox 838 1684 952 1741; x_wconf 75' lang='grc' dir='ltr'><em>παρὰ</em></span> <span class='ocrx_word' id='word_1_189' title='bbox 991 1689 1171 1734; x_wconf 80' lang='grc' dir='ltr'><em>Λέοντος</em></span> <span class='ocrx_word' id='word_1_190' title='bbox 1209 1684 1448 1738; x_wconf 80' lang='grc' dir='ltr'><strong><em>δεξάμενος,</em></strong></span> <span class='ocrx_word' id='word_1_191' title='bbox 1477 1687 1550 1727; x_wconf 81' lang='grc' dir='ltr'><strong><em>καί</em></strong></span> 
     </span>
    </p>
   </div>
   <div class='ocr_carea' id='block_1_3' title="bbox 198 1796 870 1846">
    <p class='ocr_par' dir='ltr' id='par_1_3' title="bbox 198 1796 870 1846">
     <span class='ocr_line' id='line_1_25' title="bbox 198 1796 870 1846; baseline 0 -15"><span class='ocrx_word' id='word_1_192' title='bbox 198 1797 250 1832; x_wconf 87' lang='grc'>10.</span> <span class='ocrx_word' id='word_1_193' title='bbox 275 1796 432 1846; x_wconf 77' lang='grc' dir='ltr'><em>ἀρχαῖος</em></span> <span class='ocrx_word' id='word_1_194' title='bbox 459 1799 486 1834; x_wconf 95' lang='lat' dir='ltr'>C</span> <span class='ocrx_word' id='word_1_195' title='bbox 605 1799 658 1833; x_wconf 86' lang='lat'>15.</span> <span class='ocrx_word' id='word_1_196' title='bbox 686 1798 817 1845; x_wconf 72' lang='grc' dir='ltr'><strong><em>ἐνεχθῆ</em></strong></span> <span class='ocrx_word' id='word_1_197' title='bbox 843 1798 870 1831; x_wconf 95' lang='lat' dir='ltr'>C</span> 
     </span>
    </p>
   </div>
   <div class='ocr_carea' id='block_1_4' title="bbox 97 1904 1544 2755">
    <p class='ocr_par' dir='ltr' id='par_1_4' title="bbox 98 1904 1544 2553">
     <span class='ocr_line' id='line_1_26' title="bbox 102 1904 1542 1954; baseline -0.003 -14"><span class='ocrx_word' id='word_1_198' title='bbox 102 1917 293 1941; x_wconf 77' lang='lat' dir='ltr'>suasurum.</span> <span class='ocrx_word' id='word_1_199' title='bbox 320 1907 384 1941; x_wconf 78' lang='lat' dir='ltr'>sed</span> <span class='ocrx_word' id='word_1_200' title='bbox 413 1908 609 1941; x_wconf 85' lang='lat' dir='ltr'>Germanus</span> <span class='ocrx_word' id='word_1_201' title='bbox 642 1919 865 1954; x_wconf 73' lang='lat' dir='ltr'>nequaquam</span> <span class='ocrx_word' id='word_1_202' title='bbox 900 1918 1019 1952; x_wconf 87' lang='lat' dir='ltr'>neque</span> <span class='ocrx_word' id='word_1_203' title='bbox 1058 1904 1256 1938; x_wconf 72' lang='lat' dir='ltr'>adulationi</span> <span class='ocrx_word' id='word_1_204' title='bbox 1287 1915 1404 1949; x_wconf 85' lang='lat' dir='ltr'>neque</span> <span class='ocrx_word' id='word_1_205' title='bbox 1438 1904 1542 1936; x_wconf 87' lang='lat' dir='ltr'>minis</span> 
     </span>
     <span class='ocr_line' id='line_1_27' title="bbox 102 1952 1544 1998; baseline -0.003 -10"><span class='ocrx_word' id='word_1_206' title='bbox 102 1954 244 1998; x_wconf 80' lang='lat' dir='ltr'><strong>tyranni</strong></span> <span class='ocrx_word' id='word_1_207' title='bbox 261 1955 366 1988; x_wconf 86' lang='lat' dir='ltr'><strong>cessit</strong></span> <span class='ocrx_word' id='word_1_208' title='bbox 386 1954 448 1988; x_wconf 85' lang='lat' dir='ltr'>sed</span> <span class='ocrx_word' id='word_1_209' title='bbox 463 1955 644 1988; x_wconf 82' lang='lat' dir='ltr'>humerale</span> <span class='ocrx_word' id='word_1_210' title='bbox 668 1956 706 1988; x_wconf 90' lang='lat' dir='ltr'>in</span> <span class='ocrx_word' id='word_1_211' title='bbox 730 1967 824 1988; x_wconf 83' lang='lat' dir='ltr'>sacra</span> <span class='ocrx_word' id='word_1_212' title='bbox 843 1966 963 1987; x_wconf 83' lang='lat' dir='ltr'>mensa</span> <span class='ocrx_word' id='word_1_213' title='bbox 986 1965 1133 1998; x_wconf 79' lang='lat' dir='ltr'>magnae</span> <span class='ocrx_word' id='word_1_214' title='bbox 1158 1953 1328 1985; x_wconf 83' lang='lat' dir='ltr'>ecclesiae</span> <span class='ocrx_word' id='word_1_215' title='bbox 1348 1952 1544 1997; x_wconf 85' lang='lat' dir='ltr'>deponens,</span> 
     </span>
     <span class='ocr_line' id='line_1_28' title="bbox 103 1999 1543 2048; baseline -0.002 -15"><span class='ocrx_word' id='word_1_216' title='bbox 103 2002 294 2045; x_wconf 82' lang='lat' dir='ltr'>resignavit</span> <span class='ocrx_word' id='word_1_217' title='bbox 306 2013 442 2047; x_wconf 55' lang='lat' dir='ltr'>xmunus</span> <span class='ocrx_word' id='word_1_218' title='bbox 468 2013 567 2035; x_wconf 86' lang='lat' dir='ltr'>suum</span> <span class='ocrx_word' id='word_1_219' title='bbox 593 2008 698 2048; x_wconf 84' lang='lat' dir='ltr'>atque</span> <span class='ocrx_word' id='word_1_220' title='bbox 723 2003 875 2035; x_wconf 79' lang='lat' dir='ltr'><strong>recessit.</strong></span> <span class='ocrx_word' id='word_1_221' title='bbox 901 2001 968 2035; x_wconf 86' lang='lat' dir='ltr'>deo</span> <span class='ocrx_word' id='word_1_222' title='bbox 993 2002 1123 2034; x_wconf 88' lang='lat' dir='ltr'>invisus</span> <span class='ocrx_word' id='word_1_223' title='bbox 1147 2011 1210 2044; x_wconf 89' lang='lat' dir='ltr'>pro</span> <span class='ocrx_word' id='word_1_224' title='bbox 1236 2011 1278 2032; x_wconf 88' lang='lat' dir='ltr'>eo</span> <span class='ocrx_word' id='word_1_225' title='bbox 1294 2005 1423 2032; x_wconf 82' lang='lat' dir='ltr'>creato.</span> <span class='ocrx_word' id='word_1_226' title='bbox 1448 1999 1543 2031; x_wconf 82' lang='lat' dir='ltr'>Ana-</span> 
     </span>
     <span class='ocr_line' id='line_1_29' title="bbox 102 2046 1541 2095; baseline -0.002 -15"><span class='ocrx_word' id='word_1_227' title='bbox 102 2049 209 2081; x_wconf 83' lang='lat' dir='ltr'>stasio</span> <span class='ocrx_word' id='word_1_228' title='bbox 242 2049 470 2094; x_wconf 81' lang='lat' dir='ltr'>presbytero,</span> <span class='ocrx_word' id='word_1_229' title='bbox 507 2049 605 2095; x_wconf 85' lang='lat' dir='ltr'>impii</span> <span class='ocrx_word' id='word_1_230' title='bbox 646 2050 784 2082; x_wconf 87' lang='lat' dir='ltr'>consilii</span> <span class='ocrx_word' id='word_1_231' title='bbox 825 2049 923 2082; x_wconf 84' lang='lat' dir='ltr'>socio</span> <span class='ocrx_word' id='word_1_232' title='bbox 948 2048 1066 2082; x_wconf 84' lang='lat' dir='ltr'>omnia</span> <span class='ocrx_word' id='word_1_233' title='bbox 1091 2046 1227 2080; x_wconf 87' lang='lat' dir='ltr'>domini</span> <span class='ocrx_word' id='word_1_234' title='bbox 1251 2047 1374 2086; x_wconf 83' lang='lat' dir='ltr'>nostri,</span> <span class='ocrx_word' id='word_1_235' title='bbox 1400 2051 1541 2078; x_wconf 78' lang='lat' dir='ltr'>sanctae</span> 
     </span>
     <span class='ocr_line' id='line_1_30' title="bbox 102 2093 1542 2143; baseline -0.003 -15"><span class='ocrx_word' id='word_1_236' title='bbox 102 2096 222 2128; x_wconf 78' lang='lat' dir='ltr'>matris</span> <span class='ocrx_word' id='word_1_237' title='bbox 258 2102 530 2143; x_wconf 81' lang='lat' dir='ltr'>sanctorumque</span> <span class='ocrx_word' id='word_1_238' title='bbox 571 2097 756 2130; x_wconf 86' lang='lat' dir='ltr'>simulacra</span> <span class='ocrx_word' id='word_1_239' title='bbox 792 2096 1001 2129; x_wconf 87' lang='lat' dir='ltr'>comminuit</span> <span class='ocrx_word' id='word_1_240' title='bbox 1040 2100 1075 2128; x_wconf 88' lang='lat' dir='ltr'>et</span> <span class='ocrx_word' id='word_1_241' title='bbox 1109 2093 1303 2128; x_wconf 84' lang='lat' dir='ltr'>combussit</span> <span class='ocrx_word' id='word_1_242' title='bbox 1342 2098 1378 2126; x_wconf 86' lang='lat' dir='ltr'>et</span> <span class='ocrx_word' id='word_1_243' title='bbox 1416 2103 1542 2136; x_wconf 78' lang='lat' dir='ltr'>magna</span> 
     </span>
     <span class='ocr_line' id='line_1_31' title="bbox 102 2140 1540 2187; baseline -0.002 -13"><span class='ocrx_word' id='word_1_244' title='bbox 102 2140 348 2187; x_wconf 80' lang='lat' dir='ltr'>persecutione</span> <span class='ocrx_word' id='word_1_245' title='bbox 374 2144 466 2177; x_wconf 77' lang='lat' dir='ltr'>facta</span> <span class='ocrx_word' id='word_1_246' title='bbox 493 2143 622 2176; x_wconf 86' lang='lat' dir='ltr'>multos</span> <span class='ocrx_word' id='word_1_247' title='bbox 653 2143 877 2184; x_wconf 79' lang='lat' dir='ltr'><strong>sacerdotes,</strong></span> <span class='ocrx_word' id='word_1_248' title='bbox 902 2141 1094 2176; x_wconf 80' lang='lat' dir='ltr'>monachos</span> <span class='ocrx_word' id='word_1_249' title='bbox 1127 2147 1163 2175; x_wconf 86' lang='lat' dir='ltr'>et</span> <span class='ocrx_word' id='word_1_250' title='bbox 1187 2141 1296 2174; x_wconf 78' lang='lat' dir='ltr'>laicos</span> <span class='ocrx_word' id='word_1_251' title='bbox 1322 2140 1426 2173; x_wconf 81' lang='lat' dir='ltr'>variis</span> <span class='ocrx_word' id='word_1_252' title='bbox 1453 2151 1540 2184; x_wconf 82' lang='lat' dir='ltr'>poe-</span> 
     </span>
     <span class='ocr_line' id='line_1_32' title="bbox 101 2187 1540 2236; baseline -0.002 -14"><span class='ocrx_word' id='word_1_253' title='bbox 101 2190 157 2222; x_wconf 86' lang='lat' dir='ltr'>nis</span> <span class='ocrx_word' id='word_1_254' title='bbox 182 2194 218 2222; x_wconf 84' lang='lat' dir='ltr'>et</span> <span class='ocrx_word' id='word_1_255' title='bbox 242 2191 424 2235; x_wconf 83' lang='lat' dir='ltr'><strong>suppliciis</strong></span> <span class='ocrx_word' id='word_1_256' title='bbox 459 2191 653 2224; x_wconf 84' lang='lat' dir='ltr'>mulctavit.</span> <span class='ocrx_word' id='word_1_257' title='bbox 703 2201 816 2236; x_wconf 82' lang='lat' dir='ltr'>prope</span> <span class='ocrx_word' id='word_1_258' title='bbox 856 2190 970 2223; x_wconf 87' lang='lat' dir='ltr'>forum</span> <span class='ocrx_word' id='word_1_259' title='bbox 997 2189 1170 2222; x_wconf 85' lang='lat' dir='ltr'>aerarium</span> <span class='ocrx_word' id='word_1_260' title='bbox 1195 2188 1367 2233; x_wconf 83' lang='lat' dir='ltr'>palatium</span> <span class='ocrx_word' id='word_1_261' title='bbox 1396 2188 1476 2228; x_wconf 86' lang='lat' dir='ltr'>fuit,</span> <span class='ocrx_word' id='word_1_262' title='bbox 1500 2187 1540 2219; x_wconf 86' lang='lat' dir='ltr'>in</span> 
     </span>
     <span class='ocr_line' id='line_1_33' title="bbox 101 2234 1537 2282; baseline -0.002 -14"><span class='ocrx_word' id='word_1_263' title='bbox 101 2248 175 2281; x_wconf 86' lang='lat' dir='ltr'>quo</span> <span class='ocrx_word' id='word_1_264' title='bbox 200 2238 346 2282; x_wconf 82' lang='lat' dir='ltr'>antiquo</span> <span class='ocrx_word' id='word_1_265' title='bbox 370 2249 467 2271; x_wconf 82' lang='lat' dir='ltr'>more</span> <span class='ocrx_word' id='word_1_266' title='bbox 494 2239 740 2272; x_wconf 83' lang='lat' dir='ltr'>oecumenicus</span> <span class='ocrx_word' id='word_1_267' title='bbox 767 2238 933 2281; x_wconf 79' lang='lat' dir='ltr'>magister</span> <span class='ocrx_word' id='word_1_268' title='bbox 957 2248 1034 2269; x_wconf 89' lang='lat' dir='ltr'>cum</span> <span class='ocrx_word' id='word_1_269' title='bbox 1074 2235 1116 2268; x_wconf 83' lang='lat'>12</span> <span class='ocrx_word' id='word_1_270' title='bbox 1140 2234 1458 2268; x_wconf 81' lang='lat' dir='ltr'>contubernalibus</span> <span class='ocrx_word' id='word_1_271' title='bbox 1483 2234 1537 2265; x_wconf 76' lang='lat' dir='ltr'>vi-</span> 
     </span>
     <span class='ocr_line' id='line_1_34' title="bbox 103 2280 1537 2328; baseline -0.002 -13"><span class='ocrx_word' id='word_1_272' title='bbox 103 2283 150 2316; x_wconf 91' lang='lat' dir='ltr'>ris</span> <span class='ocrx_word' id='word_1_273' title='bbox 185 2283 336 2328; x_wconf 78' lang='lat' dir='ltr'>degebat</span> <span class='ocrx_word' id='word_1_274' title='bbox 374 2286 468 2318; x_wconf 89' lang='lat' dir='ltr'>omni</span> <span class='ocrx_word' id='word_1_275' title='bbox 509 2285 709 2318; x_wconf 80' lang='lat' dir='ltr'>eruditione</span> <span class='ocrx_word' id='word_1_276' title='bbox 744 2290 780 2318; x_wconf 84' lang='lat' dir='ltr'>et</span> <span class='ocrx_word' id='word_1_277' title='bbox 804 2284 1043 2317; x_wconf 81' lang='lat' dir='ltr'>ecclesiastica</span> <span class='ocrx_word' id='word_1_278' title='bbox 1081 2283 1242 2316; x_wconf 81' lang='lat' dir='ltr'>doctrina</span> <span class='ocrx_word' id='word_1_279' title='bbox 1267 2280 1537 2320; x_wconf 79' lang='lat' dir='ltr'>excellentibus,</span> 
     </span>
     <span class='ocr_line' id='line_1_35' title="bbox 101 2329 1537 2376; baseline -0.002 -14"><span class='ocrx_word' id='word_1_280' title='bbox 101 2331 165 2375; x_wconf 89' lang='lat' dir='ltr'>qui</span> <span class='ocrx_word' id='word_1_281' title='bbox 191 2341 211 2363; x_wconf 92' lang='lat' dir='ltr'>a</span> <span class='ocrx_word' id='word_1_282' title='bbox 241 2342 321 2376; x_wconf 80' lang='lat' dir='ltr'>rege</span> <span class='ocrx_word' id='word_1_283' title='bbox 345 2332 533 2365; x_wconf 81' lang='lat' dir='ltr'>alebantur</span> <span class='ocrx_word' id='word_1_284' title='bbox 556 2338 592 2365; x_wconf 84' lang='lat' dir='ltr'>et</span> <span class='ocrx_word' id='word_1_285' title='bbox 615 2333 715 2366; x_wconf 88' lang='lat' dir='ltr'>libris</span> <span class='ocrx_word' id='word_1_286' title='bbox 743 2332 848 2376; x_wconf 85' lang='lat' dir='ltr'>regiis</span> <span class='ocrx_word' id='word_1_287' title='bbox 875 2331 1078 2372; x_wconf 75' lang='lat' dir='ltr'>utebantur,</span> <span class='ocrx_word' id='word_1_288' title='bbox 1111 2334 1149 2363; x_wconf 83' lang='lat' dir='ltr'>et</span> <span class='ocrx_word' id='word_1_289' title='bbox 1176 2341 1323 2374; x_wconf 88' lang='lat' dir='ltr'>quorum</span> <span class='ocrx_word' id='word_1_290' title='bbox 1349 2329 1425 2361; x_wconf 90' lang='lat' dir='ltr'>sine</span> <span class='ocrx_word' id='word_1_291' title='bbox 1448 2339 1537 2360; x_wconf 83' lang='lat' dir='ltr'>con-</span> 
     </span>
     <span class='ocr_line' id='line_1_36' title="bbox 100 2375 1536 2425; baseline -0.002 -16"><span class='ocrx_word' id='word_1_292' title='bbox 100 2377 182 2410; x_wconf 88' lang='lat' dir='ltr'>silio</span> <span class='ocrx_word' id='word_1_293' title='bbox 206 2383 243 2410; x_wconf 85' lang='lat' dir='ltr'>et</span> <span class='ocrx_word' id='word_1_294' title='bbox 264 2380 438 2412; x_wconf 81' lang='lat' dir='ltr'>sententia</span> <span class='ocrx_word' id='word_1_295' title='bbox 467 2379 559 2412; x_wconf 89' lang='lat' dir='ltr'>nihil</span> <span class='ocrx_word' id='word_1_296' title='bbox 584 2391 682 2424; x_wconf 87' lang='lat' dir='ltr'>reges</span> <span class='ocrx_word' id='word_1_297' title='bbox 706 2378 939 2425; x_wconf 80' lang='lat' dir='ltr'>imperabant.</span> <span class='ocrx_word' id='word_1_298' title='bbox 989 2378 1032 2411; x_wconf 89' lang='lat' dir='ltr'>iis</span> <span class='ocrx_word' id='word_1_299' title='bbox 1064 2375 1219 2411; x_wconf 82' lang='lat' dir='ltr'>nefanda</span> <span class='ocrx_word' id='word_1_300' title='bbox 1243 2376 1359 2409; x_wconf 83' lang='lat' dir='ltr'>bestia</span> <span class='ocrx_word' id='word_1_301' title='bbox 1387 2375 1536 2408; x_wconf 82' lang='lat' dir='ltr'>arcessi-</span> 
     </span>
     <span class='ocr_line' id='line_1_37' title="bbox 99 2422 1536 2469; baseline -0.002 -12"><span class='ocrx_word' id='word_1_302' title='bbox 99 2425 146 2457; x_wconf 75' lang='lat' dir='ltr'>tis</span> <span class='ocrx_word' id='word_1_303' title='bbox 182 2425 391 2469; x_wconf 83' lang='lat' dir='ltr'>persuadere</span> <span class='ocrx_word' id='word_1_304' title='bbox 423 2431 570 2459; x_wconf 82' lang='lat' dir='ltr'>conatus</span> <span class='ocrx_word' id='word_1_305' title='bbox 606 2433 684 2468; x_wconf 84' lang='lat' dir='ltr'>est,</span> <span class='ocrx_word' id='word_1_306' title='bbox 719 2427 782 2459; x_wconf 89' lang='lat' dir='ltr'>sed</span> <span class='ocrx_word' id='word_1_307' title='bbox 819 2424 1064 2458; x_wconf 79' lang='lat' dir='ltr'>resistentibus</span> <span class='ocrx_word' id='word_1_308' title='bbox 1100 2429 1137 2457; x_wconf 87' lang='lat' dir='ltr'>et</span> <span class='ocrx_word' id='word_1_309' title='bbox 1172 2422 1408 2460; x_wconf 78' lang='lat' dir='ltr'>refutantibus</span> <span class='ocrx_word' id='word_1_310' title='bbox 1433 2422 1536 2454; x_wconf 82' lang='lat' dir='ltr'>iussit:</span> 
     </span>
     <span class='ocr_line' id='line_1_38' title="bbox 99 2469 1533 2518; baseline -0.003 -14"><span class='ocrx_word' id='word_1_311' title='bbox 99 2471 196 2515; x_wconf 82' lang='lat' dir='ltr'>ligna</span> <span class='ocrx_word' id='word_1_312' title='bbox 222 2473 336 2505; x_wconf 83' lang='lat' dir='ltr'>afferri</span> <span class='ocrx_word' id='word_1_313' title='bbox 363 2473 476 2518; x_wconf 88' lang='lat' dir='ltr'>iisque</span> <span class='ocrx_word' id='word_1_314' title='bbox 500 2475 655 2508; x_wconf 83' lang='lat' dir='ltr'>accensis</span> <span class='ocrx_word' id='word_1_315' title='bbox 681 2474 775 2508; x_wconf 85' lang='lat' dir='ltr'>viros</span> <span class='ocrx_word' id='word_1_316' title='bbox 799 2485 877 2507; x_wconf 91' lang='lat' dir='ltr'>cum</span> <span class='ocrx_word' id='word_1_317' title='bbox 902 2472 1092 2505; x_wconf 85' lang='lat' dir='ltr'>domiciliis</span> <span class='ocrx_word' id='word_1_318' title='bbox 1117 2475 1154 2504; x_wconf 86' lang='lat' dir='ltr'>et</span> <span class='ocrx_word' id='word_1_319' title='bbox 1180 2470 1284 2504; x_wconf 83' lang='lat' dir='ltr'>libris</span> <span class='ocrx_word' id='word_1_320' title='bbox 1311 2474 1348 2502; x_wconf 83' lang='lat' dir='ltr'>et</span> <span class='ocrx_word' id='word_1_321' title='bbox 1370 2469 1450 2501; x_wconf 81' lang='lat' dir='ltr'>aliis</span> <span class='ocrx_word' id='word_1_322' title='bbox 1475 2479 1533 2501; x_wconf 86' lang='lat' dir='ltr'>re-</span> 
     </span>
     <span class='ocr_line' id='line_1_39' title="bbox 98 2517 546 2553; baseline 0.004 -2"><span class='ocrx_word' id='word_1_323' title='bbox 98 2517 166 2551; x_wconf 87' lang='lat' dir='ltr'>bus</span> <span class='ocrx_word' id='word_1_324' title='bbox 190 2518 353 2551; x_wconf 89' lang='lat' dir='ltr'>omnibus</span> <span class='ocrx_word' id='word_1_325' title='bbox 378 2520 546 2553; x_wconf 88' lang='lat' dir='ltr'>comburi.</span> 
     </span>
    </p>

    <p class='ocr_par' dir='ltr' id='par_1_5' title="bbox 97 2561 1534 2755">
     <span class='ocr_line' id='line_1_40' title="bbox 192 2561 1534 2611; baseline -0.004 -13"><span class='ocrx_word' id='word_1_326' title='bbox 192 2566 292 2599; x_wconf 84' lang='lat' dir='ltr'>Hanc</span> <span class='ocrx_word' id='word_1_327' title='bbox 326 2566 371 2599; x_wconf 93' lang='lat' dir='ltr'>ob</span> <span class='ocrx_word' id='word_1_328' title='bbox 396 2577 468 2600; x_wconf 87' lang='lat' dir='ltr'>rem</span> <span class='ocrx_word' id='word_1_329' title='bbox 491 2567 654 2611; x_wconf 73' lang='lat' dir='ltr'>pontifex</span> <span class='ocrx_word' id='word_1_330' title='bbox 682 2567 857 2599; x_wconf 83' lang='lat' dir='ltr'>Romanus</span> <span class='ocrx_word' id='word_1_331' title='bbox 882 2565 1015 2600; x_wconf 82' lang='lat' dir='ltr'>defecit</span> <span class='ocrx_word' id='word_1_332' title='bbox 1048 2570 1086 2599; x_wconf 88' lang='lat' dir='ltr'>et.</span> <span class='ocrx_word' id='word_1_333' title='bbox 1109 2576 1186 2598; x_wconf 91' lang='lat' dir='ltr'>cum</span> <span class='ocrx_word' id='word_1_334' title='bbox 1218 2563 1358 2596; x_wconf 84' lang='lat' dir='ltr'>Francis</span> <span class='ocrx_word' id='word_1_335' title='bbox 1382 2561 1534 2594; x_wconf 84' lang='lat' dir='ltr'>coniun-</span> 
     </span>
     <span class='ocr_line' id='line_1_41' title="bbox 97 2609 1532 2658; baseline -0.003 -14"><span class='ocrx_word' id='word_1_336' title='bbox 97 2617 174 2645; x_wconf 83' lang='lat' dir='ltr'>ctus</span> <span class='ocrx_word' id='word_1_337' title='bbox 202 2613 372 2646; x_wconf 89' lang='lat' dir='ltr'>tributum</span> <span class='ocrx_word' id='word_1_338' title='bbox 408 2615 551 2658; x_wconf 84' lang='lat' dir='ltr'>negavit</span> <span class='ocrx_word' id='word_1_339' title='bbox 580 2625 616 2647; x_wconf 77' lang='lat' dir='ltr'>se</span> <span class='ocrx_word' id='word_1_340' title='bbox 639 2613 820 2650; x_wconf 80' lang='lat' dir='ltr'>daturum.</span> <span class='ocrx_word' id='word_1_341' title='bbox 861 2614 1082 2647; x_wconf 83' lang='lat' dir='ltr'>Anastasium</span> <span class='ocrx_word' id='word_1_342' title='bbox 1117 2616 1300 2657; x_wconf 81' lang='lat' dir='ltr'>praeterea</span> <span class='ocrx_word' id='word_1_343' title='bbox 1324 2620 1402 2641; x_wconf 91' lang='lat' dir='ltr'>cum</span> <span class='ocrx_word' id='word_1_344' title='bbox 1426 2609 1532 2641; x_wconf 87' lang='lat' dir='ltr'>sociis</span> 
     </span>
     <span class='ocr_line' id='line_1_42' title="bbox 98 2656 1532 2702; baseline -0.004 -10"><span class='ocrx_word' id='word_1_345' title='bbox 98 2660 424 2693; x_wconf 83' lang='lat' dir='ltr'>excommunicavit.</span> <span class='ocrx_word' id='word_1_346' title='bbox 473 2660 671 2702; x_wconf 73' lang='lat' dir='ltr'>Masalmas,</span> <span class='ocrx_word' id='word_1_347' title='bbox 696 2662 950 2694; x_wconf 82' lang='lat' dir='ltr'>Saracenorum</span> <span class='ocrx_word' id='word_1_348' title='bbox 983 2659 1054 2693; x_wconf 87' lang='lat' dir='ltr'>dux</span> <span class='ocrx_word' id='word_1_349' title='bbox 1076 2659 1179 2692; x_wconf 83' lang='lat' dir='ltr'>fidem</span> <span class='ocrx_word' id='word_1_350' title='bbox 1205 2656 1349 2690; x_wconf 87' lang='lat' dir='ltr'>Leontis</span> <span class='ocrx_word' id='word_1_351' title='bbox 1373 2656 1532 2700; x_wconf 75' lang='lat' dir='ltr'>accepit3</span> 
     </span>
     <span class='ocr_line' id='line_1_43' title="bbox 98 2702 1531 2755; baseline 0.005 -16"><span class='ocrx_word' id='word_1_352' title='bbox 98 2705 161 2740; x_wconf 83' lang='lat' dir='ltr'>sed</span> <span class='ocrx_word' id='word_1_353' title='bbox 183 2706 275 2741; x_wconf 88' lang='lat' dir='ltr'>nihil</span> <span class='ocrx_word' id='word_1_354' title='bbox 303 2707 475 2740; x_wconf 84' lang='lat' dir='ltr'>reddente</span> <span class='ocrx_word' id='word_1_355' title='bbox 494 2709 630 2743; x_wconf 83' lang='lat' dir='ltr'>Leonte</span> <span class='ocrx_word' id='word_1_356' title='bbox 652 2719 762 2755; x_wconf 90' lang='lat' dir='ltr'>quum</span> <span class='ocrx_word' id='word_1_357' title='bbox 780 2708 895 2743; x_wconf 86' lang='lat' dir='ltr'>lusum</span> <span class='ocrx_word' id='word_1_358' title='bbox 919 2702 1018 2741; x_wconf 80' lang='lat' dir='ltr'>se&#39;ab</span> <span class='ocrx_word' id='word_1_359' title='bbox 1044 2718 1087 2740; x_wconf 90' lang='lat' dir='ltr'>eo</span> <span class='ocrx_word' id='word_1_360' title='bbox 1104 2704 1253 2744; x_wconf 79' lang='lat' dir='ltr'>videret,</span> <span class='ocrx_word' id='word_1_361' title='bbox 1281 2708 1403 2737; x_wconf 66' lang='lat' dir='ltr'>contra</span> <span class='ocrx_word' id='word_1_362' title='bbox 1429 2702 1531 2748; x_wconf 62' lang='lat' dir='ltr'><strong>Prin·</strong></span> 
     </span>
    </p>
   </div>
   <div class='ocr_carea' id='block_1_5' title="bbox 187 2777 1279 2819">
    <p class='ocr_par' dir='ltr' id='par_1_6' title="bbox 187 2777 1279 2819">
     <span class='ocr_line' id='line_1_44' title="bbox 187 2777 1279 2819; baseline -0.003 -4"><span class='ocrx_word' id='word_1_363' title='bbox 187 2780 259 2817; x_wconf 84' lang='lat' dir='ltr'>Leo</span> <span class='ocrx_word' id='word_1_364' title='bbox 286 2782 560 2819; x_wconf 80' lang='lat' dir='ltr'>Grammaticus.</span> <span class='ocrx_word' id='word_1_365' title='bbox 1235 2777 1279 2812; x_wconf 82' lang='lat'>12</span> 
     </span>
    </p>
   </div>
  </div>
 </body>
</html>
