1838 3132
639 129 1144 174 CHRONOGRAPHIA.-
1321 180 1324 184 ,
1510 121 1602 169 153

149 235 434 291 dxoeraowoe'q
462 232 535 274 καὶ
562 235 806 288 συμφοραῖς
849 234 968 286 ἕτερα
997 229 1069 286 ἔτη
1096 228 1227 272 εἴκοσι
1259 225 1378 278 ἑπτά,
1411 225 1466 276 ὥς
1497 221 1607 267 εἶναι

147 302 225 358 τὴν
243 298 514 355 διακρατησιν
531 298 604 354 τὴν
624 296 794 340 ἅπασαν
810 298 1077 351 εὕτυχοῦσαν
1109 295 1182 338 καί
1207 293 1503 348 δυστυχοῦσαν
1533 290 1606 347 ἔτη

148 367 370 425 τριακόσια
397 362 677 421 τριακοντάεξ.

264 428 398 482 Οὗτος
426 435 469 484 ἐξ
492 430 670 486 Ἰσμαὴλ
688 428 899 485 κατήγετο,
925 428 1023 472 υἱοῦ
1044 428 1253 484 Ἀβραάμ.
1311 429 1498 480 Νίζαρος
1523 423 1607 479 γάρ

116 499 172 543 55
209 502 285 542 τοῦ
322 499 494 554 Ἰσμαηλ
537 497 739 551 α’πόγονος
777 498 903 554 γεννᾷ
948 494 1068 544 υἱούς
1098 495 1198 551 δυό,
1239 491 1500 548 Μούνδαρον
1539 490 1611 533 καὶ

149 567 367 622 Ἀραβίαν.
444 567 489 606 ἑκ
533 563 692 607 τούτων
734 563 882 604 πολλοὶ
911 563 1098 615 ἐγένοντο
1138 565 1210 603 καί
1238 556 1370 618 ᾤκουν
1398 558 1476 614 τήν
1502 559 1611 602 Ima-

153 634 332 675 διανῖτιν
368 630 556 687 ἔρημον,
594 627 962 683 ἑπραγματεύοντο
1004 629 1050 670 δὲ
1094 631 1166 669 καί
1201 629 1246 670 έν
1284 632 1370 677 τοῖς
1406 624 1611 680 καμήλοις

151 700 306 742 αὕτῶν.
336 697 498 752 ἀπόρου
530 698 575 739 δὲ
593 695 666 738 καὶ
693 695 888 752 ὀρφανοῦ
916 690 1029 744 ὄντος
1052 694 1131 737 τοῦ
1145 695 1446 750 προειρημένου
1468 689 1611 736 Μωά-

151 769 251 821 μεθ,
280 766 450 821 εἰσῆλθε
477 764 582 819 πρός
602 780 693 806 τινα
723 768 901 818 γυναῖκα
921 765 1126 804 πλουσίαν
1151 764 1330 817 συγγενῆ
1357 758 1488 803 αὖτοῦ
1517 757 1613 801 όνό..

98 836 142 872 10
152 849 259 887 ματι
289 833 514 886 Χαὸιγᾶν,
551 833 725 884 μίσθιος
754 831 826 872 ε’πί
853 830 908 886 τῷ
937 829 1189 885 καμηλεύειν
1217 827 1291 871 καί
1317 827 1615 883 πραγματεύε-

153 903 271 943 σθαι.
328 902 420 941 κατ’
450 897 588 952 ὀλίγον
615 899 662 940 δὲ
691 895 1086 951 παρρησιασάμενος
1110 895 1341 950 ὑπεισῆλθε
1359 897 1409 951 τῇ
1436 893 1615 949 γυναικί,

153 967 228 1008 καί
252 964 405 1021 ἔγημεν
439 964 604 1019 αὐτήν,
640 963 712 1005 καί
747 961 846 1017 ἔσχε
889 961 962 1011 τὰς
1002 960 1217 1017 καμήλους
1260 961 1393 1017 αὕτῆς
1431 961 1503 1002 καί
1541 963 1618 1016 τὴν

152 1030 347 1087 ὕπαρξιν.
404 1030 630 1087 ἐρχόμενος
668 1031 715 1072 δὲ
759 1031 804 1072 ἐν
844 1028 1110 1086 Παλαιστίνῃ
1145 1030 1506 1084 συνανεστρέφετο
1545 1029 1620 1069 καί

154 1101 439 1154 Χριστιανοῖς,
468 1094 712 1152 θηρώμενος
745 1098 845 1152 παρ’
877 1093 1020 1137 αὐτῶν
1057 1094 1147 1137 τινὰ
1176 1093 1381 1150 γραφικιὲ.
1441 1092 1540 1148 ἔσχε
1571 1094 1619 1136 δὲ

99 1166 198 1209 15τὸ
226 1166 364 1220 πάθος
392 1168 467 1220 τῆς
495 1165 743 1220 ἐπιληψίας·
771 1164 846 1204 καί
871 1164 992 1205 τοῦτο
1019 1162 1208 1217 νοήσασα
1238 1161 1263 1216 ἢ
1292 1160 1396 1215 γυνή
1425 1161 1621 1202 ἐλυπεῖτο

153 1230 325 1290 σφόδρα
353 1228 418 1273 ὅτι
443 1229 618 1288 τοιούτῳ
638 1231 867 1287 συνήφθη,
897 1229 946 1271 ου’
975 1229 1104 1282 μόνον
1125 1228 1272 1286 οἷπόρῳ
1300 1226 1408 1270 ἄλλα
1437 1228 1510 1269 καί
1528 1228 1621 1269 ἐπι·-

157 1301 343 1356 ληπτικῷ
371 1293 474 1340 ὄντι.
533 1301 759 1353 τροποῦται
792 1298 838 1338 δὲ
875 1294 1000 1345 αὐτὸς
1030 1299 1298 1350 θεραπεῦσαι
1325 1293 1473 1350 αὐτήν,
1506 1290 1619 1335 οὕτω

154 1370 297 1420 λέγων,
330 1362 393 1407 ὅτι
423 1364 623 1406 ὀπτασίαν
669 1363 846 1417 ἀγγέλου
876 1364 1029 1415 θεωρῶ
1060 1361 1282 1416 λεγομένου
1310 1363 1351 1403 Γ
1351 1359 1519 1416 αβριὴλ,
1549 1360 1623 1401 καὶ

155 1431 214 1488 μή
246 1432 471 1488 ὑποφέρων
515 1429 592 1485 τὴν
622 1432 730 1471 θέαν
760 1430 889 1471 αὐτοῦ
917 1430 1191 1471 σκοτοδινιῶν
1220 1429 1374 1470 πίπτω.
1434 1423 1541 1482 αὕτη
1571 1428 1620 1467 δὲ

97 1497 340 1554 2ομοναχόν
369 1513 487 1550 τινα,
518 1495 590 1539 διὰ
631 1496 901 1538 κακοπιστίαν
940 1495 1151 1549 ἐξόριστον
1181 1495 1328 1550 ἐκεῖσε,
1356 1487 1457 1535 ὄντα
1489 1508 1620 1547 προσ-

155 1566 262 1622 φιλῆ
299 1564 430 1620 αὐτῆς
467 1565 776 1616 μετεκαλέσατο
822 1564 897 1604 καί
931 1559 1173 1616 α’νήγγειλεν
1214 1562 1329 1619 αὐτῷ
1368 1561 1504 1601 πάντα
1547 1561 1622 1602 καὶ

156 1631 202 1674 τὸ
246 1626 382 1684 ὄνομα
420 1633 494 1672 τοῦ
535 1632 736 1685 α’γγέλου·
810 1628 996 1679 κάκεῖνος
1034 1626 1281 1683 συμβουλὴν
1317 1625 1339 1668 ὅ
1382 1625 1621 1682 κατάρατος

252 1762 286 1796 5.
313 1760 525 1807 Μούὸαρον
551 1762 615 1795 καὶ
635 1759 783 1807 Ῥαβίαν
807 1736 999 1793 cedrenus.

160 1875 202 1905 ut
225 1859 386 1915 vigerent
410 1870 559 1915 imperio
588 1868 656 1903 309
683 1880 810 1910 annos,
835 1873 971 1902 mutata
995 1873 1115 1902 autem
1140 1868 1286 1901 fortuna
1310 1866 1444 1901 turbati
1468 1871 1504 1900 et
1527 1865 1621 1900 male

162 1930 232 1952 rem
260 1923 422 1965 gerentes
436 1918 480 1952 27
510 1928 622 1950 annos
648 1918 700 1950 ita
726 1923 768 1950 ut
790 1922 908 1950 totum
926 1917 1117 1962 imperium
1145 1914 1344 1949 secundum
1371 1919 1408 1948 et
1433 1913 1621 1948 adversum

162 1970 257 2000 esset
283 1976 457 1999 annorum
484 1963 566 1998 336.
1436 1979 1438 1981 v

253 2013 322 2046 Hie
348 2013 392 2045 ab
412 2013 540 2046 Ismael
567 2010 764 2052 descendit,
790 2011 866 2044 filio
898 2009 1101 2044 Abrahami.
1151 2010 1299 2043 Nizarus
1325 2009 1432 2048 enim,
1458 2018 1550 2040 unus
1576 2005 1622 2039 de

159 2060 292 2094 lsmael
317 2060 485 2105 posteris,
510 2059 600 2093 duos
632 2059 726 2092 filios
756 2058 967 2103 procreavit,
987 2057 1201 2091 Mundarum
1228 2062 1266 2090 et
1290 2055 1466 2090 Arabiam.
1498 2065 1542 2087 ex
1565 2053 1621 2086 his

161 2107 266 2140 multi
296 2108 372 2140 nati
407 2112 490 2140 sunt
528 2107 628 2152 iique
665 2105 880 2139 habitabant
903 2106 941 2138 in
986 2105 1121 2139 diserto
1145 2104 1314 2138 Madiano
1341 2108 1378 2137 et
1404 2102 1622 2135 camelorum

164 2165 233 2199 ope
256 2160 485 2188 mercaturam
513 2153 706 2187 faciebant.
757 2155 862 2198 Inops
887 2158 1003 2186 autem
1031 2159 1068 2187 et
1093 2152 1239 2185 orbatus
1266 2163 1374 2197 quum
1402 2155 1495 2183 esset
1519 2149 1621 2182 Moa-

163 2201 276 2242 meth,
305 2201 348 2236 de
368 2214 438 2248 quo
459 2201 544 2243 dixi,
571 2200 662 2234 adiit
679 2201 864 2234 mulierem
890 2200 1069 2246 quandam
1090 2199 1237 2233 divitem
1263 2204 1447 2243 cognatam
1473 2196 1620 2230 nomine

164 2248 378 2293 Chadigam,
407 2255 445 2283 ut
479 2249 632 2282 camelos
662 2253 825 2294 posceret
852 2258 966 2292 eaque
1000 2259 1037 2281 re
1065 2247 1203 2280 lucrum
1241 2247 1387 2280 faceret.
1446 2244 1621 2278 Paulatim

165 2301 287 2330 autem
310 2296 480 2330 liberiore
508 2297 584 2329 eius
617 2295 878 2329 consuetudine
906 2300 1022 2336 utens,
1053 2306 1090 2328 se
1118 2295 1156 2327 in
1182 2295 1327 2338 gratiam
1355 2294 1432 2326 eius
1458 2291 1621 2325 insinua-

164 2344 228 2384 vit,
256 2354 473 2389 uxoremque
508 2344 598 2377 adeo
637 2353 714 2376 eam
754 2343 857 2376 duxit
884 2342 1035 2387 eiusque
1058 2342 1214 2375 camelos
1250 2347 1286 2375 et
1310 2353 1382 2374 rem
1408 2339 1619 2373 familiarem

166 2390 306 2424 habuit.
364 2391 546 2436 profectus
572 2401 677 2436 porro
704 2392 742 2424 in
769 2390 1003 2424 Palaestinam
1038 2389 1134 2423 inter
1156 2389 1309 2422 Iudaeos
1337 2394 1374 2421 et
1398 2387 1622 2421 Christianos

165 2443 325 2472 versatus
354 2444 418 2479 est,
446 2439 625 2483 accipiens
649 2449 692 2471 ex
726 2438 769 2470 iis
804 2437 979 2483 quaedam
1015 2436 1059 2470 de
1093 2437 1198 2470 sacris
1235 2436 1375 2470 litteris.
1435 2433 1626 2466 laborabat

165 2491 285 2518 autem
323 2485 445 2518 morbo
487 2485 677 2528 comitiali3
713 2485 810 2531 quod
838 2496 947 2530 quum
983 2486 1215 2529 comperisset
1238 2484 1366 2516 mulier
1391 2481 1625 2514 veliementer

167 2532 298 2572 doluit,
324 2532 423 2577 quod
452 2534 515 2565 tali
541 2532 679 2566 homini
703 2533 884 2578 nupsisset
909 2542 982 2564 non
1009 2532 1116 2565 modo
1144 2542 1258 2576 egeno
1289 2529 1351 2563 sed
1378 2529 1485 2561 etiam
1511 2528 1625 2561 eomi-

167 2579 260 2612 tiali.
310 2590 418 2624 quam
441 2579 624 2623 demulsit,
653 2580 774 2614 (licens
799 2579 922 2613 videre
948 2589 984 2612 se
1009 2579 1128 2624 angeli
1154 2578 1316 2613 Gabrieli
1342 2576 1496 2621 speciem
1526 2575 1626 2608 eius-

168 2637 239 2672 que
266 2632 448 2671 aspectum
474 2638 547 2660 non
577 2628 750 2661 serentem
778 2627 955 2670 vertigine
980 2632 1183 2672 correptum
1210 2624 1383 2658 cecidere.
1435 2623 1523 2656 haec
1546 2633 1625 2655 mo-
1658 2619 1660 2621 ¹

167 2674 321 2707 naehum
348 2673 528 2719 quendam
565 2680 712 2719 propter
739 2675 863 2708 salsam
898 2673 1003 2706 fidem
1030 2674 1118 2708 illuc
1145 2674 1341 2716 relegatum
1368 2671 1508 2717 ipsique
1533 2669 1626 2702 ami-

169 2732 248 2755 cum
272 2721 456 2757 arcessivit
491 2726 529 2755 et
556 2723 674 2759 omnia
713 2733 792 2756 cum
816 2720 963 2759 nomine
989 2721 1108 2766 angeli
1138 2722 1172 2755 ei
1196 2719 1363 2754 narravit.
1413 2724 1522 2766 atque
1548 2717 1625 2758 ille,
