1806 3158
247 154 311 204 48
647 142 868 214 [LEONis
912 141 1291 214 GRAMMATmi]

248 263 318 302 τὸν
347 260 468 312 νόμον
495 261 747 310 ἐξεπαίδευε.
773 293 776 296 .
806 261 989 311 Νεεμίας
1019 275 1062 299 τε
1095 257 1114 297 ὅ
1145 255 1434 311 α’ρχιοινοχόος
1459 259 1689 313 Ἀρταξέρ-

250 330 336 382 ξου,
365 327 469 382 ιῖνὴρ
500 328 544 368 ἐκ
571 329 714 380 γένους
744 321 801 366 ὢν
840 325 1062 380 ἱερατικοῦ,
1094 325 1390 378 παρακαλέσας
1417 323 1486 366 τὸν
1509 327 1688 378 βασιλέα

249 395 323 435 καί
347 394 594 446 ἑπιτραπείς
635 386 796 432 ἄνεισιν
839 393 898 439 εἰς
938 391 1014 445 τήν
1050 392 1264 433 Ἰουδαίαν
1297 392 1370 431 καί
1407 388 1481 445 τήν
1505 389 1686 446 Ἰσραήλ.

248 459 422 512 τειχίζει
451 460 496 499 δὲ
524 456 674 510 αὐτήν,
720 457 803 497 τῶν
835 457 1090 509 ἐπιθεμένων
1133 455 1252 497 ἕνεκα
1282 452 1423 505 ὅπλοις
1448 455 1547 505 τοὺς
1573 457 1688 511 ἕνερ-
1714 488 1716 490 -

249 525 421 579 γοῦντας
450 523 744 576 περιτειχίσας,
772 523 844 562 καί
867 521 938 563 τὸν
975 521 1077 563 λαὸν
1105 520 1183 563 σὺν
1207 522 1263 578 τῷ
1283 517 1437 578 Ἓσδρα
1466 522 1521 577 τῷ
1553 523 1720 567 Memfi-5

249 591 354 638 σέως
383 589 618 637 ἐξεπαίδευε
645 586 783 658 νόμῳῖ
814 589 952 628 πᾶσαν
982 589 1024 636 ἐξ
1066 583 1203 628 αὐτῶν
1225 585 1463 641 Ἑλληνικὴν
1491 586 1690 642 α’ποκινῆ-

249 671 326 703 σας
356 651 518 707 α’γωγήν
538 670 548 680 ·
621 651 691 693 καί
717 651 966 709 ᾠκοδομήθη
1003 657 1175 694 πλατεῖα
1204 655 1276 693 καί
1301 655 1532 706 περίτειχος
1560 652 1587 706 ἦ
1611 652 1691 694 πό..

249 724 325 768 λις.
382 716 479 759 ὅθεν
504 714 706 771 ἄρχονται
749 718 1027 773 ἀριθμεῖσθαι
1065 716 1109 759 αἱ
1138 717 1168 758 ο’
1216 715 1445 771 ἑβδομάδες
1488 716 1533 760 αἱ
1561 719 1606 759 ἑν
1633 719 1691 774 τῷ

247 783 408 838 Δανιὴλ
435 785 604 839 εἰκοστῷ
644 781 728 824 ἔτει
769 781 844 837 τῆς
881 784 1097 836 βασιλείας
1133 785 1423 836 Ἀρταξέρξου.
1497 785 1692 826 ἐντεῦθέν

249 865 355 906 φασι
383 848 456 897 τὰς
483 846 718 902 ἑβδομάδας
746 849 1028 903 ἀριθμεῖσθαι
1053 848 1129 898 τοὶς
1155 847 1439 904 ἑβδομήκοντα
1464 847 1542 898 τὰς
1569 851 1614 891 ἐν
1639 851 1690 906 τῇ
1702 860 1746 895 10

247 918 324 958 τοῦ
362 913 521 970 Δανιὴλ
562 913 741 972 ὀπτασίᾳ
778 917 907 969 μέχρι
944 917 1015 969 τῆς
1054 916 1133 955 τοῦ
1170 918 1317 967 κυρίου
1353 916 1590 967 παρουσίας
1619 915 1693 956 καί

248 982 329 1023 τῶν
356 978 450 1034 ἑξῆς
477 977 793 1034 ἐπιβεβηκότων.
865 979 1046 1036 φανερὸν
1078 982 1124 1022 δέ
1154 981 1266 1022 ἐστιν
1293 975 1359 1021 ὅτι
1389 978 1436 1021 αἱ
1461 978 1691 1033 ἐβδομοὶδες

249 1048 439 1087 ποιοῦσιν
483 1044 555 1100 ἔτη
602 1046 679 1096 υζ.
751 1045 851 1088 κατὰ
900 1044 1071 1095 τούτους
1106 1044 1205 1096 τούς
1253 1043 1427 1101 χρόνους
1467 1044 1689 1100 Σωκράτης

250 1112 418 1165 ἐγένετο.

357 1175 514 1231 Ξέρξης
542 1176 564 1217 ὅ
588 1170 875 1231 Ἀρταξὲρξου
900 1176 991 1225 υἱὸς
1019 1177 1095 1231 τήν
1123 1176 1260 1231 α’ρχὴν
1289 1175 1580 1228 διαδεξάμενος
1606 1177 1689 1229 βω-
1702 1187 1744 1221 15

247 1243 404 1284 σιλεύει
432 1245 565 1296 μῆνας
598 1240 688 1283 δυό.
758 1244 1012 1296 Σουγδιανὸς
1041 1240 1258 1296 βασιλεύει
1294 1244 1429 1297 μῆνας
1459 1239 1574 1284 ἑπτά.
1603 1243 1690 1284 Δα-

246 1314 358 1362 ρεῖος
386 1308 407 1348 ὅ
441 1306 598 1362 Ξέρξου
640 1305 661 1348 ὅ
712 1308 947 1362 ἐπικληθείς
978 1307 1119 1357 Νόθος
1154 1308 1311 1350 α’νελών
1339 1308 1413 1350 τόν
1439 1305 1691 1361 Σουγδιανόν

246 1375 491 1426 ἐβασίλευσε
531 1374 715 1426 Περσῶν
755 1372 826 1428 ἔτη
869 1372 938 1415 ιθ’.
999 1373 1284 1428 Ἀρταξέρξης
1328 1373 1351 1414 ὅ
1390 1374 1575 1428 Δαρείου
1617 1374 1692 1414 καὶ

246 1435 549 1493 Παρυσάτιδος
574 1436 646 1480 τὸν
684 1441 840 1491 πατέρα
881 1438 1173 1491 διαδεξάμενος
1215 1440 1484 1491 ἐβασίλευσεν
1509 1435 1578 1493 ἔτη
1605 1436 1688 1492 μβ’.“

248 1502 352 1546 κατὰ
381 1504 550 1552 τούτους
593 1504 691 1551 τούς
719 1506 899 1558 χρόνους
928 1504 1115 1546 Πλάτων
1154 1501 1175 1545 ὅ
1211 1501 1442 1560 φιλόσοφος
1466 1504 1539 1545 καί
1563 1504 1744 1558 Ἀρι-20

244 1571 438 1624 στοτέλης
468 1570 721 1623 ε’γνωρίζετο.
777 1570 1056 1623 Ἀρταξέρξης
1083 1569 1106 1610 ὅ
1138 1569 1374 1629 ἐπικληθείς
1393 1565 1520 1623 Ὦχος
1545 1569 1689 1622 ἐβασί-

245 1639 389 1676 λευσεν
436 1633 505 1689 ἔτη
548 1632 620 1687 κβ.
696 1635 869 1689 Ναρσῆς
902 1637 1046 1676 τοῦτον
1087 1633 1381 1687 διαδεξάμενος
1420 1637 1690 1687 ἐβασίλευσεν

243 1698 316 1754 ἔτη
345 1699 392 1739 δ’.
448 1702 627 1752 Δαρεῖος
664 1697 686 1739 ὃ
718 1700 942 1752 Ἀρσάμου
989 1700 1233 1752 ἐβασίλευσε
1269 1698 1376 1752 μετὰ
1410 1698 1481 1741 τὸν
1514 1700 1690 1754 Ναρσῆν

244 1762 313 1819 ἔτη
344 1766 388 1812 ς’.
441 1764 724 1819 Ἀλεξάνδρου
769 1766 814 1806 δὲ
858 1768 932 1806 τοῦ
969 1766 1218 1814 ΖΠακεδόνος
1259 1768 1450 1821 Πέρσαις
1481 1767 1688 1819 ἐπικειμέ·

338 1864 390 1896 11.
418 1866 479 1906 τῆς
502 1876 557 1898 om
583 1865 609 1898 C

245 1966 389 2001 quoque
407 1955 536 1999 primus
559 1955 750 2000 pocillator
765 1956 975 1996 Artaxerxis,
1004 1957 1055 1989 vir
1079 1967 1122 1989 ex
1147 1967 1274 2000 genere
1293 1956 1514 1998 sacerdotali,
1539 1961 1684 1990 exorato

247 2014 327 2046 rege
363 2002 447 2034 huic
481 2003 528 2035 rei
556 2002 766 2046 praefectus,
794 2002 831 2035 in
856 2003 1020 2035 Iudaeam
1045 2008 1081 2036 et
1105 2003 1212 2036 Israel
1241 2004 1418 2048 profectus
1451 2008 1515 2036 est.
1575 2009 1684 2048 atque

245 2049 478 2082 communivit
517 2059 591 2080 eam
618 2059 743 2092 operas
777 2056 921 2093 propter
960 2051 1172 2083 lacessentes
1201 2050 1319 2083 hostes
1345 2049 1446 2082 armis
1472 2049 1681 2083 defendens.

244 2096 339 2128 idem
365 2107 441 2127 cum
482 2094 588 2126 Esdra
624 2095 796 2139 populum
834 2096 943 2128 Mosis
989 2097 1126 2140 legibus
1158 2097 1331 2137 erudivit,
1358 2106 1495 2130 omnem
1521 2107 1684 2139 graecum

244 2143 374 2175 cultum
402 2141 595 2185 expellens.
645 2147 822 2174 exstructa
851 2148 968 2175 autem
999 2149 1053 2176 est.
1077 2143 1159 2175 urbs
1190 2143 1306 2187 ampla
1332 2147 1368 2175 et
1391 2141 1578 2175 moenibus
1604 2143 1683 2175 cin-

244 2195 311 2222 cta.
359 2188 443 2220 liinc
467 2193 698 2220 numerantur
717 2188 760 2221 70
784 2188 1037 2229 hebdomades,
1065 2189 1109 2221 de
1128 2189 1257 2233 quibus
1283 2194 1337 2222 est
1361 2188 1457 2232 apud
1483 2189 1681 2230 Danielem,

245 2246 337 2268 anno
364 2234 409 2268 20
437 2235 534 2278 regni
575 2236 782 2267 Artaxerxis.
845 2235 928 2268 inde
975 2236 1098 2270 dicunt
1129 2237 1307 2268 numerari
1346 2234 1586 2269 hebdomades
1623 2235 1681 2277 70,

245 2293 333 2328 quas
366 2280 456 2314 vidit
492 2281 622 2313 Daniel
658 2292 767 2325 usque
802 2282 846 2314 ad
883 2282 1018 2315 domini
1046 2283 1285 2327 praesentiam
1319 2287 1355 2315 et
1380 2282 1560 2326 reliquas,
1588 2293 1680 2327 quae

243 2329 412 2372 deinceps
439 2333 580 2360 secutae
605 2334 696 2360 sunt.
728 2333 781 2360 est
809 2335 925 2361 autem
952 2330 1176 2374 perspicuum
1203 2328 1336 2362 efficere
1349 2327 1590 2362 hebdomades
1614 2340 1680 2363 an-

242 2386 308 2409 nos
333 2373 412 2407 407.
463 2375 533 2406 illis
559 2373 779 2418 temporibus
807 2375 965 2408 Socrates
992 2377 1090 2408 vixit.
1628 2375 1631 2377 ’

336 2422 479 2461 Xerxes,
512 2421 709 2454 Artaxerxis
753 2421 868 2461 filius,
894 2423 1043 2466 imperio
1074 2427 1218 2467 accepto
1258 2422 1345 2454 duos
1380 2432 1516 2454 menses
1552 2432 1679 2465 regna-

242 2469 303 2501 vit.
354 2468 550 2511 Sugdianus
577 2468 595 2500 7
621 2478 759 2499 menses
793 2470 958 2512 regnavit.
1021 2469 1146 2501 Darius
1184 2469 1308 2502 Xerxis
1341 2468 1434 2500 filius
1469 2469 1679 2511 cognomine

241 2514 379 2547 Nothus
423 2513 612 2547 interfecto
659 2513 838 2557 Sugdiano
880 2514 922 2547 19
965 2525 1074 2547 annos
1120 2516 1157 2547 in
1206 2516 1318 2548 Persis
1364 2517 1532 2557 regnavit.
1573 2516 1679 2548 Arta-

241 2573 384 2602 xerxes,
432 2561 530 2592 Darii
568 2566 604 2593 et
638 2560 848 2603 Parysatidis
881 2561 997 2600 filius,
1040 2567 1175 2605 patrem
1211 2567 1351 2594 secutus
1388 2561 1435 2593 42
1471 2572 1581 2594 annos
1622 2572 1679 2595 re-

242 2608 371 2650 gnavit.
420 2607 515 2640 hisce
551 2607 770 2651 temporibus
808 2608 906 2639 Plato
940 2606 1173 2652 philosophus
1214 2614 1250 2641 et
1277 2609 1482 2641 Aristoteles
1505 2609 1677 2641 innotue-

242 2660 334 2686 runt.
397 2656 606 2687 Artaxerxes
642 2653 853 2697 cognomine
886 2653 1004 2686 Ochus
1032 2654 1077 2688 22
1102 2666 1212 2687 anuos
1238 2655 1406 2698 regnavit.
1457 2654 1552 2687 hunc
1576 2665 1678 2687 secu·

241 2706 296 2733 tus
325 2705 378 2733 est
402 2701 528 2735 Bai-ses
572 2700 634 2745 qui
658 2699 682 2733 4
714 2711 825 2734 annos
851 2701 1021 2745 regnavit.
1082 2701 1211 2735 Darius
1239 2702 1372 2735 Arsami
1397 2701 1493 2736 filius
1518 2701 1677 2745 regnavit
