1806 3158
247 138 312 187 46
649 126 872 200 [LEONIS
912 123 1290 198 GRAMMA‘rlm]

249 247 320 289 ε’πί
346 245 495 289 τούτου
527 243 689 298 Δανιὴλ
729 245 789 292 εἷς
827 241 898 284 τὸν
938 241 1086 284 λάκκον
1123 241 1372 295 ἐμβάλλεται
1398 243 1479 284 τῶν
1505 241 1693 298 λεόντων,

249 312 323 355 καί
348 313 480 367 μηδὲν
517 310 587 352 ὑπ’
625 311 766 351 αὐτῶν
800 307 951 349 παθών
992 305 1216 361 ἑβδομαῖος
1250 305 1332 347 ὑπὸ
1378 309 1453 348 τοῦ
1487 310 1693 361 βασιλέως

251 379 478 433 οἷνιμᾶται,
519 378 592 418 καί
616 377 697 418 τῶν
725 370 972 428 ἑβδομάδων
1014 372 1127 430 αὐτῷ
1139 370 1458 427 ·τὸμυστὴριον
1483 373 1694 416 α’ποκαλὺ-

250 459 409 487 πτεται.
465 441 538 483 καί
563 440 607 484 εἴ
628 456 689 490 τις
719 440 904 494 ἀκριβῶς
943 439 1024 481 τῶν
1050 436 1296 492 ἑβδομάδων
1325 437 1518 488 ἐξετάσαι
1542 442 1694 495 βουλη-

251 509 346 566 θείη
373 509 444 552 τὸν
474 507 593 562 λόγον
621 505 693 548 καί
719 502 1087 560 διαριθμήσασθαι
1116 504 1213 553 τούς
1241 504 1430 560 χρόνους,
1462 505 1728 558 α’ρξάμενος5

253 576 334 619 ἀπὸ
364 575 510 627 ἐξόδου
541 572 660 626 λόγου
690 570 790 613 κατὰ
820 571 893 613 τὸν
913 571 1126 627 προφήτην
1153 573 1230 612 τοῦ
1262 572 1584 626 οἰκοδομηθῆναι
1607 571 1696 615 Ἱε-

253 639 484 697 ρουσαλήμ,
513 641 727 681 τουτέστιν
764 635 847 679 ἀπὸ
880 640 1065 690 Νεεμίου
1104 634 1202 678 υἱοῦ
1230 637 1402 692 Ἀχελῆ,
1428 639 1503 679 τοῦ
1527 638 1698 692 α’ρχιοι-

255 706 406 761 νοχόον
431 706 724 759 Ἀρταξέρξου,
752 701 799 752 ὃς
825 702 1008 762 ᾀξιιόσας
1035 704 1106 745 καί
1133 703 1375 757 ἐπιτραπεὶς
1403 698 1562 745 ἄνεισιν
1590 704 1698 744 οἰκο-

257 770 452 826 δομήσων
495 769 544 812 τά
580 766 885 824 Ἱεροσόλυμα,
931 765 1100 824 εὑρήσει
1142 766 1218 816 τας
1248 766 1279 808 ο’
1306 771 1700 823 συμπεραιουμένας·

255 837 519 892 ἑβδομάδας,
556 835 744 878 τουτέστι
783 834 1026 890 τετρακόσια
1065 835 1306 889 ἐνενήκοντα
1344 833 1415 876 ἐπὶ
1449 832 1521 876 τὸν
1550 831 1698 888 καιρόν
1712 846 1755 879 10

258 907 436 958 ἐκεῖνον,
464 899 532 944 ὅτε
571 903 826 943 παλαιοῦται
869 899 915 941 τὸ
963 897 1232 953 παράπτωμα
1273 898 1344 940 καί
1386 898 1697 954 συντελεῖταιῆ

258 967 448 1024 ἁμαρτία
476 967 547 1010 καί
571 967 851 1023 σφραγίζεται
881 963 1022 1019 ὅραμα
1061 965 1133 1018 καὶ
1160 962 1414 1020 προφητεύει
1442 966 1516 1006 καί
1536 967 1702 1018 χρίεται

260 1033 361 1089 ἅγια
391 1035 545 1089 ἁγίων,
589 1034 800 1075 τουτέστιν
841 1032 911 1073 ἐπὶ
936 1031 1010 1086 την
1037 1033 1115 1072 τοῦ
1152 1031 1342 1086 Χριστοῦ
1369 1029 1602 1084 παρουσίαν
1631 1029 1705 1072 καὶ

259 1099 337 1155 τήν
365 1098 512 1154 λοιπὴν
541 1101 838 1153 πραγματείαν.

373 1167 520 1218 Κῦρος
547 1164 569 1206 ὅ
595 1166 767 1219 Πέρσης
792 1164 1028 1211 καταλύσας
1067 1161 1143 1216 την
1169 1161 1335 1217 ΙΠὴδων
1362 1161 1434 1204 καὶ
1458 1162 1704 1218 Ἀσσυρίων
1717 1175 1759 1210 15

262 1231 527 1282 δυναστείαν,
559 1228 767 1285 κρατήσας
797 1245 840 1272 τε
865 1231 937 1283 τῆς
961 1228 1115 1277 Ἀσίας
1145 1227 1321 1283 ἁπάσης,
1348 1230 1616 1280 ἐβασίλευσεν
1635 1226 1705 1283 ἔτη

261 1297 339 1340 λα’.
395 1297 543 1339 τούτου
571 1298 629 1352 τῷ
656 1294 806 1352 πρώτῳ
837 1294 1018 1351 ἐνιαυτῷ
1045 1292 1424 1349 ἑβδομηκονταετὴς
1449 1292 1603 1350 χρόνος
1633 1294 1707 1347 τῆς

260 1363 524 1415 μετοικεσίας
564 1361 898 1416 συμπληροῦται.
961 1363 1005 1402 ἐν
1033 1361 1079 1400 δὲ
1106 1360 1163 1416 τῷ
1190 1361 1403 1416 ἐρχομένῳ
1429 1357 1513 1400 ἔτει
1541 1374 1707 1413 συγχω-

261 1434 334 1482 ρεῖ
357 1427 454 1476 τούς
495 1428 754 1479 δυναμένους
797 1428 879 1467 τῶν
906 1425 1112 1480 Ἑβραίων
1151 1424 1320 1476 οἰκίζειν
1361 1422 1614 1473 ἀνελθόντας
1656 1422 1706 1465 τὰ

256 1493 566 1549 Ἱεροσόλυμα,
599 1495 671 1533 καί
700 1492 772 1534 τὸν
797 1491 894 1533 ναὸν
934 1492 1312 1545 οἷνοικοδομηθῆναι
1338 1490 1578 1543 προσέταξε.
1634 1490 1765 1544 τῆςρο

263 1562 311 1602 δὲ
339 1557 545 1603 ἐπανόδου
572 1558 707 1613 ἡγεῖτο
733 1558 902 1611 Ἰησοῦς
931 1557 952 1597 ὁ
983 1559 1058 1598 τοῦ
1088 1557 1286 1600 Ἰωσεδὲκ
1310 1557 1442 1610 μέγας
1468 1554 1606 1611 ἱερεύς
1638 1554 1711 1595 καί

263 1624 510 1680 Ζοροβάβελ
539 1625 560 1665 ὁ
589 1625 663 1666 τοῦ
695 1625 936 1677 Σαλαθιήλ,
978 1624 1050 1664 καί
1087 1621 1374 1677 προεφήτευον
1407 1617 1610 1676 Ἀγγαῖος
1639 1619 1711 1662 καί

361 1747 414 1781 17.
439 1745 554 1792 τούτῳ
579 1746 605 1779 C

267 1849 325 1883 bic
351 1848 476 1882 Darius
503 1847 626 1881 Asueri
649 1847 743 1880 filius
769 1847 831 1891 qui
854 1846 1104 1879 nominabatur
1123 1847 1303 1889 Astyages,
1329 1844 1489 1890 regnavit
1514 1843 1555 1877 17
1582 1854 1706 1878 annos.

267 1896 336 1930 sub
363 1907 406 1929 eo
431 1895 562 1928 Daniel
587 1894 624 1927 in
653 1894 790 1926 foveam
822 1893 966 1925 leonum
1001 1893 1182 1925 coniectus
1212 1898 1276 1932 est,
1305 1903 1326 1924 a
1353 1891 1483 1937 quibus
1508 1890 1600 1924 nihil
1623 1902 1707 1936 per-

267 1953 392 1989 pessus
419 1942 570 1987 septimo
599 1940 657 1974 die
693 1951 713 1972 a
747 1950 828 1984 rege
869 1950 1005 1972 sursum
1044 1945 1176 1973 tractus
1201 1944 1264 1972 est.
1313 1943 1422 1984 atque
1446 1937 1708 1972 hebdomadum

268 1989 475 2034 mysterium
512 1989 544 2020 ei
572 1987 765 2020 revelatum
805 1992 879 2028 θεὶς
909 1992 945 2019 et
981 1987 1008 2019 si
1038 1988 1118 2032 quis
1156 1986 1347 2030 diiigenter
1371 1985 1543 2018 rationem
1569 1984 1708 2018 hebdo-

269 2037 412 2070 madum
436 2040 641 2080 computare
664 2034 751 2066 velit
775 2038 811 2066 et
835 2039 992 2077 tempora
1014 2044 1211 2074 numerare,
1238 2033 1411 2077 incipiens
1435 2031 1481 2064 ab
1506 2030 1617 2071 exitu,
1635 2042 1706 2076 quo

269 2082 465 2117 secundum
498 2081 707 2126 prophetam
746 2080 931 2113 aedificata
971 2085 1055 2113 sunt
1093 2080 1331 2122 Hierosolyma
1367 2080 1392 2114 i.
1421 2089 1453 2111 e.
1491 2088 1511 2109 a
1547 2078 1708 2118 Neemia,

270 2130 404 2165 Achele
439 2129 543 2168 filio,
573 2127 773 2160 Artaxerxis
808 2127 923 2171 primo
962 2126 1192 2171 pocillatore,
1228 2127 1290 2171 qui
1322 2136 1384 2157 sua
1419 2129 1545 2169 sponte
1569 2129 1708 2157 etcum

269 2177 443 2224 permissu
482 2175 569 2218 regis
616 2175 796 2218 profectus
830 2179 904 2214 est,
932 2175 975 2206 ad
1013 2172 1229 2206 aedificanda
1261 2171 1526 2214 Hierosolyma;
1551 2170 1580 2203 is
1605 2171 1710 2203 inve-

269 2225 349 2257 niet
372 2222 416 2256 70
449 2221 692 2254 hebdomadas
732 2231 852 2252 omnes
878 2225 1048 2265 peractas,
1073 2221 1094 2252 i.
1121 2231 1150 2252 e.
1176 2218 1244 2252 490
1270 2229 1381 2250 annos
1406 2228 1518 2262 usque
1546 2216 1591 2249 ad
1616 2216 1710 2250 illud

271 2277 426 2316 tempus,
452 2279 523 2313 qno
551 2267 693 2300 deletur
716 2275 922 2311 peccauun,
947 2273 983 2300 et.
1008 2267 1129 2300 vitium
1159 2266 1293 2306 finitur,
1317 2266 1500 2308 visumque
1527 2263 1711 2308 probatur,

273 2329 345 2363 quo
370 2315 563 2362 prophetat
603 2319 638 2346 et
673 2314 816 2357 ungitur
852 2319 992 2347 sanctus
1017 2318 1228 2352 sanctorum,
1269 2313 1294 2344 i.
1320 2322 1348 2344 e.
1374 2322 1484 2356 usque
1509 2309 1554 2343 ad
1579 2309 1711 2344 Christi

273 2363 513 2410 praesentiam
539 2366 575 2394 et
601 2360 736 2404 reliqua
757 2361 860 2392 facta.

368 2412 478 2454 Cyrus
506 2409 608 2442 Persa
642 2418 762 2439 everso
798 2406 983 2439 Medorum
1021 2411 1056 2439 et
1093 2405 1308 2448 Assyriorum
1342 2403 1490 2447 imperio
1527 2408 1603 2436 tota
1627 2403 1710 2436 Asia

273 2457 410 2502 potitus
434 2466 544 2488 annos
569 2454 613 2487 31
652 2454 819 2496 regnavit.
877 2453 982 2485 huius
1022 2453 1135 2497 primo
1173 2462 1266 2484 anno
1290 2457 1428 2494 tempus
1466 2449 1508 2483 70
1536 2460 1710 2482 annorum

275 2503 493 2548 captivitatis
517 2500 731 2545 completum
757 2505 820 2532 est.
848 2499 1062 2543 procedente
1089 2510 1181 2531 anno
1207 2499 1248 2530 iis
1276 2497 1513 2529 Hebraeorum
1540 2498 1601 2541 qui
1626 2506 1711 2540 pos-

274 2556 364 2590 sent,
390 2549 550 2595 permisit
567 2547 678 2587 abire,
705 2553 740 2580 et
755 2547 996 2589 Hierosolyma
1017 2546 1172 2579 incolere
1196 2550 1232 2576 et
1253 2544 1422 2588 templum
1445 2545 1631 2576 restituere
1650 2553 1710 2576 eos

275 2597 389 2628 iussit.
419 2596 522 2628 duxit
539 2594 712 2629 Israelitas
734 2592 922 2626 redeuntes
946 2595 1053 2633 lesus,
1078 2590 1228 2624 losedek
1255 2591 1360 2630 filius,
1387 2601 1531 2634 magnus
1549 2589 1712 2627 sacerdos

277 2647 313 2674 et
341 2642 537 2676 Zorobabel
553 2668 562 2684 ,
597 2639 768 2674 Salathiel
794 2640 888 2672 filius
925 2645 961 2672 et
994 2638 1252 2719 proYhetarunt
1277 2638 1435 2681 Augaeus
1461 2642 1497 2670 et
1518 2635 1712 2677 Zacharias,

277 2688 379 2722 Addo
406 2690 512 2722 filius.
562 2699 671 2735 quum
699 2698 782 2721 vero
808 2687 843 2726 ii,
869 2687 929 2732 qui
957 2698 1035 2719 cum
1084 2697 1144 2719 esu
1177 2684 1330 2730 profecti
1355 2689 1456 2717 erant
1479 2682 1604 2729 templi
1629 2682 1712 2716 sun-
