1806 3158
591 147 1078 189 CHRONOGRAPHIA.
1498 135 1560 181 25

127 248 216 297 νίας
244 250 314 289 καί
340 245 415 288 δύο
442 247 516 288 τοῦ
543 247 666 300 λιμοῦ
690 244 936 287 διελθόντων
976 245 1178 300 κατῆλθεν
1197 242 1345 295 Ἰακώβ
1373 239 1450 283 σὺν
1480 246 1562 289 τοῖς

125 316 282 361 τέκνοις
309 314 369 362 εἰς
407 310 634 366 Αἴγυπτον.
704 310 773 353 τὸν
810 315 960 354 Νεῖλον
995 312 1042 352 δὲ
1067 325 1174 366 φασι
1201 307 1258 362 μὴ
1298 308 1492 349 α’νελθεῑ-’ν
1519 310 1562 348 ὲν

127 376 240 427 ὅλοις
267 376 370 420 ἑπτὰ
410 377 520 419 ἔτεσι
558 380 636 418 τοῦ
671 377 799 429 λιμοῦ
841 379 919 417 τοῦ
946 379 990 419 ἐν
1023 374 1236 432 Αἰγύπτῳ.
1290 368 1342 427 ἦν
1369 369 1443 414 οὖν
1467 371 1561 414 τότε

128 443 276 499 ’[ωσὴφ
308 446 411 486 ε’τῶν
439 441 658 496 τριάκοντα
688 444 816 498 ἐννέα,
852 440 973 496 ἔζησε
1003 445 1050 485 δὲ
1078 442 1130 484 τοὶ
1155 439 1287 484 πάντα
1317 439 1389 495 ἔτη
1415 436 1564 482 ἑκατὸν

93 511 241 551 ὃδέκα.
296 508 400 562 μετὰ
436 511 537 562 γοῦν
571 507 644 550 τόν
680 506 861 550 θάνατον
887 508 1040 564 Ἰωσήφ
1080 504 1563 560 δουλεύουσιν”“Εβραῖοι

125 579 210 624 τοῖς
238 574 487 628 Αἰγυπτίοις
527 571 599 628 ἔτη
645 571 791 616 ἑκατὸν
829 573 1130 627 τεσσαράκοντα
1165 574 1363 628 τέσσαρα.
1435 570 1485 614 τὰ
1516 573 1563 614 δὲ

126 639 259 682 πάντα
285 638 356 694 ἔτι]
383 641 455 694 τῆς
483 640 565 681 τῶν
587 639 789 694 Ἑβραίων
814 642 859 682 ἐν
889 637 1092 696 Αἰγύπτῳ
1129 639 1345 694 διατριβῆς
1371 638 1565 680 διακόσια

127 707 369 747 δεκαπέντε·
427 706 471 755 ἐξ
503 700 555 747 οὗ
585 707 711 760 δῆλον
739 701 807 746 ὅτι
836 702 917 746 α’πό
955 705 1134 747 Χαναὰν
1161 706 1220 753 εἰς
1247 703 1323 759 τήν
1351 702 1566 758 Αἴγυπτον

125 770 202 824 τήν
228 773 466 825 μετοίκησιν
506 770 751 826 ἐποιήσαντο
784 773 914 826 μέχρι
936 772 1029 825 ,τῆς
1070 769 1216 820 ἐξόδου
1256 772 1331 811 τοῦ
1369 772 1487 824 λαοῦ,
1515 762 1567 824 ἧς

71 844 114 879 10
127 839 338 880 δείκνυται
365 836 626 891 ἡγησάμενος
648 837 754 878 κατὰ
782 834 827 879 τὸ
855 834 1132 891 ὀγδοηκοστὸν
1159 834 1251 884 ἔτος
1284 835 1488 890 Μωῦσῆς.
1516 834 1570 875 ου’

123 901 202 957 γὰρ
234 903 278 944 ἐν
303 901 505 960 Αἰγύπτῳ
534 901 639 959 μόνῃ
667 903 820 956 γίνεται
849 901 876 957 ἦ
905 902 1150 956 παροίκησις
1187 903 1271 944 τῶν
1296 899 1568 954 τετρακοσίων

123 966 346 1023 τριάκοντα
378 969 495 1024 ἐτῶν,
525 968 632 1010 α’λλὰ
661 967 734 1009 καί
768 970 813 1009 ἐν
839 969 893 1022 γῇ
921 965 1099 1010 Χαναὰν
1124 966 1206 1022 πρὸ
1236 969 1313 1009 τοῦ
1338 969 1398 1015 εἰς
1428 963 1567 1020 Αἴγυ-

123 1050 223 1076 πτον
253 1038 472 1076 κατελθεῖν
506 1033 580 1075 τὸν
614 1030 788 1087 Ἰακώβ·
845 1031 956 1087 ,ὅπερ
999 1033 1100 1087 ἡμῖν
1127 1034 1200 1075 καί
1224 1029 1329 1086 αὗτὴ
1363 1034 1567 1086 παρίστη-

121 1115 188 1141 σιν
214 1099 240 1154 ἦ
267 1099 408 1156 γραφή
439 1101 618 1155 λέγουσα
646 1099 698 1154 “15
728 1102 774 1142 δὲ
799 1103 1047 1155 παροίκησις
1072 1101 1154 1141 τῶν
1180 1096 1284 1140 υἱῶν
1309 1095 1490 1154 Ἰσραήλ,
1515 1095 1566 1153 ἢν

67 1174 109 1209 15
122 1166 370 1223 παρῴκησαν
396 1167 442 1209 ἐν
466 1170 522 1224 γῇ
547 1164 747 1225 Αἰγύπτῳ
775 1166 848 1209 καὶ
873 1169 918 1209 ἑν
941 1168 991 1223 γῇ
1009 1162 1201 1221 Χαναοίν,
1226 1162 1296 1220 ἔτη
1324 1163 1563 1218 τετρακόσια

118 1231 374 1286 τριάκοντα.”

223 1298 286 1339 Ἐν
317 1299 364 1339 δὲ
390 1302 475 1346 τοῖς
499 1295 668 1354 χρόνοις
696 1296 889 1352 Ἀβραὰμ
918 1293 970 1353 ἦν
998 1296 1022 1338 ὅ
1038 1297 1306 1350 Μελχισεδὲκ
1336 1295 1438 1351 α’νήρ
1467 1299 1563 1338 θεο-

117 1364 257 1417 σεβής,
287 1361 379 1413 υἱὸς
407 1365 535 1404 Σίδου
563 1366 781 1418 βασιλέως,
825 1362 922 1404 υἱοῦ
951 1360 1188 1417 Αἰγύπτου,
1219 1360 1263 1410 ὃς
1289 1362 1414 1414 κτίζει
1441 1360 1563 1404 πόλιν

117 1429 297 1470 Σιδῶνα.
355 1430 427 1470 καί
452 1426 539 1470 ἔστι
569 1431 643 1470 τοῦ
669 1431 745 1481 μὲν
767 1427 965 1483 Ἀβραὰμ
1005 1426 1088 1470 ἀπὸ
1121 1431 1193 1482 τῆς
1221 1429 1266 1469 ἑκ
1294 1426 1477 1483 Χαρράν
1503 1429 1562 1477 εἰς

60 1493 301 1535 2οΧαναοὶν
341 1491 585 1547 ἀναβάσεως
629 1497 758 1550 μέχρι
796 1497 869 1549 τῆς
907 1492 1043 1536 Ἰσαὰκ
1085 1496 1282 1548 γενέσεως
1312 1491 1384 1550 ἔτη
1409 1495 1559 1536 εἰκοσι-

116 1561 247 1614 πέντε,
275 1561 349 1600 τοῦ
376 1561 423 1602 δὲ
448 1558 588 1602 Ἰσαάκ
621 1558 670 1601 τὰ
700 1562 850 1614 μέχρις
880 1560 1036 1613 Ἰακώβ
1071 1558 1143 1615 ἔτη
1171 1557 1382 1613 ἑξήκοντα,
1411 1562 1484 1601 τοῦ
1511 1561 1559 1602 δὲ

112 1623 269 1678 Ἰακώβ
297 1623 348 1667 τά
375 1628 504 1681 μέχρι
532 1625 646 1668 Λευὶ
671 1623 743 1680 ἔτη
774 1625 1024 1680 ὀγδοήκοντα
1055 1622 1173 1670 ἑπτά.
1213 1621 1324 1674 ὄντος
1349 1627 1425 1677 τοῦ
1443 1626 1560 1668 Λευί

112 1687 216 1733 ἐτῶν
243 1692 551 1747 τεσσαράκοντα
587 1695 711 1748 τριῶν
750 1693 956 1746 κατῆλθεν
992 1691 1016 1733 o‘
1040 1691 1198 1745 Ἰακώβ
1225 1690 1304 1746 συν
1329 1695 1382 1747 τῇ
1413 1706 1555 1734 πανοι-

202 1848 237 1882 2.
266 1856 361 1894 φησι
383 1848 410 1882 C
527 1848 581 1883 16.
606 1847 657 1888 ὥς
679 1858 798 1896 φησιν
819 1848 997 1895 Εὐσέβιος
1026 1847 1047 1884 ὃ
1071 1850 1280 1896 Παμφίλου
1302 1860 1424 1893 margo

111 1989 220 2022 venit.
267 1989 369 2023 Nilus
395 1994 514 2024 autem
536 2001 601 2036 per
637 1991 795 2035 integros
820 1994 955 2034 septem
980 1999 1104 2031 annos,
1130 1989 1259 2035 quibus
1286 1989 1464 2035 Aegyptus
1492 1988 1547 2021 sa-

111 2047 168 2068 me
193 2036 443 2080 premebatur,
469 2049 543 2071 non
579 2037 792 2071 redundasse
823 2036 972 2081 dicitur3
995 2042 1070 2071 tum
1100 2036 1272 2082 Iosephus
1296 2047 1407 2070 annos
1432 2035 1546 2068 habe-

110 2082 176 2116 bat
196 2082 254 2123 39,
277 2084 366 2116 vixit
387 2090 504 2118 autem
533 2086 678 2119 omnino
706 2083 771 2117 110
791 2095 902 2117 annos
928 2089 964 2118 et
989 2089 1072 2129 post
1095 2084 1171 2117 eius
1199 2087 1347 2117 mortem
1368 2094 1546 2117 servorum

110 2129 318 2163 conditione
344 2131 488 2165 fuerunt
525 2131 679 2166 Hebraei
711 2142 822 2164 annos
857 2130 943 2173 1443
982 2142 1103 2164 omnes
1132 2130 1241 2175 igitur
1274 2130 1370 2171 anni,
1395 2141 1484 2175 quos
1507 2130 1545 2163 in

111 2177 270 2221 Aegypto
297 2176 504 2212 habitarunt
528 2178 694 2219 Hebraei,
718 2183 802 2211 sunt
814 2177 902 2221 2153
927 2177 1011 2211 hinc
1036 2182 1203 2223 apparet,
1229 2178 1351 2210 relicta
1376 2177 1544 2210 Chanaan

109 2223 153 2255 iu
175 2224 334 2268 Aegypto
364 2224 540 2259 habitasse
569 2226 684 2259 donec
720 2226 858 2266 Moses,
891 2229 932 2258 ut
957 2224 1120 2266 refertur,
1142 2235 1236 2257 anno
1260 2224 1386 2258 aetatis
1410 2223 1456 2257 80
1482 2234 1543 2257 eos

111 2268 257 2312 eduxit3
282 2281 355 2304 nou
381 2271 477 2304 enim
509 2272 547 2305 iu
573 2274 730 2318 Aegypto
764 2272 839 2304 sola
862 2271 932 2306 430
968 2283 1079 2305 annos
1103 2271 1322 2312 habitarunt,
1349 2270 1412 2304 sed
1437 2270 1542 2303 etiam

109 2315 148 2348 in
174 2315 360 2359 Chanaan‚
391 2324 581 2364 antequam
613 2320 651 2352 in
675 2321 872 2364 Aegyptum
906 2318 1055 2352 lacobus
1083 2319 1203 2359 venit,
1227 2317 1337 2363 idque
1375 2318 1451 2362 ipsa
1483 2316 1542 2350 hi-

109 2360 183 2394 biia
206 2362 340 2397 iudicat
375 2364 516 2406 dicens,
545 2365 764 2400 domicilium
790 2364 956 2399 habuisse
979 2365 1074 2400 filios
1109 2366 1218 2399 lsrael
1248 2365 1287 2398 in
1309 2365 1468 2409 Aegypto
1507 2367 1545 2396 et

109 2406 277 2443 chanaan
303 2422 367 2455 per
391 2410 460 2446 430
484 2423 606 2446 annos.

223 2456 399 2502 Tempore
441 2459 588 2492 Abraam
638 2459 726 2493 vixit
757 2458 1024 2501 Melchisedek,
1062 2458 1117 2491 vir
1158 2468 1305 2502 magnae
1354 2457 1391 2490 in
1437 2455 1543 2489 deum

108 2501 280 2546 pietatis,
321 2505 414 2537 iilius
464 2505 563 2546 Sidi,
603 2507 752 2551 Aegypti
792 2506 881 2548 filii,
925 2506 987 2552 qui
1034 2505 1204 2538 Sidonem
1246 2504 1371 2537 urbem
1414 2502 1541 2535 condi-

109 2546 174 2580 dit.
240 2548 513 2586 intercesserunt
553 2554 647 2587 inter
683 2553 833 2586 Abraam
878 2564 922 2586 ex
958 2552 1114 2586 Chai-ran
1144 2552 1183 2585 in
1221 2551 1386 2585 Chanaan
1413 2550 1542 2594 migra·

108 2594 246 2627 tionem
291 2601 328 2629 et
371 2603 494 2631 natum
537 2600 632 2633 Isaac
672 2601 757 2633 anni
790 2600 856 2640 25,
899 2600 993 2633 inter
1029 2600 1127 2633 Isaac
1174 2603 1210 2631 et
1246 2596 1414 2630 Iacobum
1456 2597 1539 2629 anni

108 2640 165 2680 60,
203 2642 296 2675 inter
334 2644 500 2678 Iacobum
537 2651 574 2679 et
599 2646 683 2679 Levi
715 2648 800 2680 anni
826 2646 884 2680 87.
943 2647 1028 2680 Levi
1067 2657 1144 2679 cum
1168 2650 1260 2677 esset
1285 2655 1455 2678 annorum
1482 2642 1540 2681 43,

109 2687 256 2723 lacobus
282 2701 360 2724 cum
386 2696 462 2725 tota
487 2692 590 2727 domo
617 2693 656 2727 in
680 2693 874 2740 Aegyptum
897 2694 996 2728 veuit
1021 2704 1132 2728 annos
1156 2696 1259 2726 natus
1285 2690 1362 2724 130,
1409 2701 1430 2724 a
1454 2690 1538 2725 Levi
