1838 3132
267 164 296 210 4
302 167 325 210 7
333 165 361 210 6
821 170 1023 212 EUSTAT
1028 172 1061 211 H
1067 172 1079 211 1
1085 171 1150 210 US

265 271 585 325 ριεργασάμενοι
624 266 761 318 ἄλλως
800 271 861 319 εἰς
905 272 1025 311 πέντε
1064 271 1260 323 χιλιάδας
1290 267 1597 324 ἠριθμησαντὸ
1629 285 1701 310 κα-

264 335 358 390 κόν,
392 336 498 389 μήτε
542 334 640 384 τούς
690 336 988 389 πεπνιγμένους
1036 333 1503 390 συγκεφαλαιωσάμενοι
1543 333 1701 384 τούτοις

262 400 367 455 μήτε
398 401 556 456 δηλαδή
588 400 687 452 τοὺς
715 402 776 442 ἐπ’
806 399 928 442 οἴκων
954 400 1186 454 πεσόντας,
1215 399 1322 442 α’λλοὶ
1350 398 1502 452 μόνους
1531 400 1702 458 ceptam?
1735 424 1737 427 ·

265 464 488 514 δεδωκότες
515 465 641 516 ὅσους
672 468 816 517 αὐτοῖς
853 469 1049 515 ἑκθέτους
1076 466 1288 519 κειμένους
1314 463 1426 521 ἥλιος
1452 464 1618 522 ἔφηνεν.

398 534 595 574 Ἐνταῦθα
637 531 755 574 δάκοι
803 529 855 574 ἂν
896 534 1072 587 καρδίαν
1115 531 1266 587 ἀνδρὸς
1296 534 1508 588 φιλοίκτου
1535 533 1606 573 καί
1635 528 1735 572 ὅτιᾰ

264 597 358 645 τούς
387 596 599 649 κειμένους
623 595 668 639 ἔν
695 614 738 639 τε
767 604 857 646 ταῖς
885 597 1091 653 α’μφόδοις
1118 597 1190 639 καί
1217 599 1261 639 ἐν
1277 599 1328 654 τῇ
1357 594 1579 649 ἀκροπόλει
1604 595 1701 638 α’λὸ-

263 678 350 716 γοις
387 663 508 713 ζώοις
548 662 843 717 ἀναμιγνύντες
880 666 1094 705 κατέκαιον
1131 663 1169 705 οἶ
1198 665 1358 718 ἐχθροί,
1385 661 1429 704 τὸ
1457 665 1702 716 μισάνθρω-

264 744 368 780 πον,
407 728 486 780 ὀψὲ
533 730 605 770 καί
648 732 769 771 τοῦτο
812 729 1052 783 δράσαντες.
1119 728 1171 771 τὰ
1198 731 1345 784 πρῶτα
1374 728 1453 784 γὰρ
1483 726 1556 783 ὑφ’
1583 729 1702 783 ἡμῶν

263 793 628 847 παρακαλούμενοι
666 798 910 848 καταχῶσαι
932 794 1029 844 τούς
1057 793 1249 850 νεκρούς,
1287 794 1345 849 μὴ
1386 797 1457 836 καί
1494 795 1572 836 θέα
1601 795 1701 834 δυσ-

264 857 484 912 πρόσωπος
523 853 728 902 ἔκκεινται
778 862 850 901 καί
896 860 1114 917 α’ποφοράς
1158 862 1204 902 δὲ
1245 859 1419 914 νοσερὰς
1461 859 1700 914 ἇτμίσωσιν,
1715 871 1758 906 10

262 921 412 973 ἐθάδες
443 923 639 967 τοιούτων
679 926 804 967 αὐτοί
830 924 995 982 ἔφασαν
1022 922 1155 982 εἶναι,
1191 924 1264 967 καί
1290 927 1456 980 χαίρειν
1487 925 1702 973 τοιαύταις

262 991 383 1038 θέαις
410 1006 450 1031 τε
480 1007 548 1032 και
581 990 745 1043 ὀδμαῖς.
1673 995 1675 997 ’

376 1052 426 1097 Οἱ
468 1057 552 1110 μην
597 1055 645 1111 δν)
686 1059 830 1099 πολλοὶ
871 1055 989 1113 φόνοι
1018 1056 1089 1098 καί
1115 1055 1159 1098 αἱ
1201 1055 1390 1113 σφοδραὶ
1415 1056 1604 1112 ἁρπαγαὶ
1634 1057 1707 1097 καὶ

260 1120 308 1162 τοὶ
339 1122 466 1162 πλείω
498 1122 602 1162 κακὰ
629 1125 788 1164 δοκοῖεν
830 1119 880 1163 ἂν
904 1125 1025 1175 λῆξαι
1061 1120 1167 1175 μετιὶ
1201 1124 1467 1178 μεσημβρίαν
1503 1123 1576 1176 τῆς
1603 1119 1704 1175 ἧμὲ-
1735 1169 1739 1174 p

261 1201 340 1240 ρας
369 1188 464 1227 καθ’
495 1183 545 1240 ἣν
573 1186 598 1240 ἦ
627 1184 795 1239 ἅλωσις,
827 1189 869 1238 ἐξ
897 1187 1174 1240 ἐπιτάγματος
1202 1189 1285 1228 τῶν
1314 1185 1517 1242 κομὴτων.
1574 1182 1626 1241 ἦν
1653 1188 1700 1229 δὲ
1716 1194 1762 1234 15'

260 1249 499 1306 σάββατον,
530 1251 580 1292 οὗ
609 1251 748 1307 φυγὴν
776 1251 897 1306 ἔχον,
927 1251 977 1306 ἢν
1005 1252 1279 1306 εὖαγγελικῶς
1309 1251 1519 1303 ἀπεύξαιτ’
1548 1248 1600 1294 ὅν
1626 1267 1702 1307 τις,

261 1316 367 1358 ἀλλὰ
397 1318 646 1372 τηλικαύτης
673 1318 831 1367 πόλεως
859 1312 1045 1373 ὄλεθρον.
1075 1316 1126 1359 τά
1156 1319 1193 1358 δ’
1221 1319 1418 1359 ἐντεῦθεν
1443 1313 1518 1359 οὔκ
1547 1313 1599 1359 ἂν
1626 1317 1703 1370 μέν

260 1397 321 1430 τις
349 1379 514 1438 φράσαι
553 1381 618 1432 ὥς
648 1384 779 1438 μηδὲν
804 1399 843 1425 τι
881 1384 1093 1435 ε’λλεῖψαι·
1162 1379 1239 1425 ὅσα
1283 1385 1329 1424 δὲ
1375 1381 1487 1425 ἔστιν
1514 1385 1702 1432 ἐπιλέξα-

260 1451 393 1503 σθαι,
432 1448 687 1502 αιῖχήσωμεν
725 1445 779 1490 ἂν
815 1450 889 1490 καί
922 1449 1043 1491 αύτοί
1080 1445 1216 1490 ἱκανοὶ
1249 1446 1425 1491 ἔσεσθαι
1452 1447 1701 1504 α’πογράψα.

260 1517 377 1556 σθαι.
432 1514 581 1564 πάντες
625 1512 665 1556 οἱ
696 1513 775 1566 ἔξω
805 1513 977 1556 ἱππόται
995 1546 1006 1568 ,
1035 1517 1106 1556 καί
1138 1513 1176 1556 οἱ
1204 1514 1409 1569 ναύαρχοι
1438 1515 1496 1570 δέ,
1523 1514 1699 1564 α’κολού-
1712 1529 1758 1563 20

260 1582 349 1627 θως
392 1580 437 1620 δὲ
469 1581 540 1622 καί
579 1578 616 1621 οἱ
660 1579 768 1635 ἄμφ’
799 1576 980 1634 αύτούς,
1021 1578 1365 1633 οἷνακαθήραντες
1394 1574 1473 1634 ἤδη
1501 1579 1552 1622 τὰ
1578 1579 1702 1636 σφίσι

261 1644 423 1700 φοβερὰ
453 1643 525 1686 καί
549 1643 799 1700 μισήσαντες
818 1645 876 1694 εἰς
899 1647 1021 1687 πλέον
1039 1648 1346 1699 αἰθριοκοιτεῖν,
1366 1643 1549 1699 ἔπλησαν
1567 1646 1702 1695 α’δεαῖς

261 1836 367 1876 prout
393 1831 431 1871 ii,
458 1832 516 1876 qui
544 1832 666 1865 urbem
691 1832 872 1872 obierunt,
903 1842 1008 1877 quam
1043 1836 1210 1877 poterant
1236 1831 1505 1876 diligentissime
1530 1831 1697 1865 aestima·
1748 1844 1751 1846 ’

260 1883 356 1918 runt,
379 1888 456 1911 cum
472 1878 654 1924 peditibus
668 1879 826 1923 Bulgaris
847 1884 883 1912 et
906 1879 1053 1920 ceteris,
1078 1879 1138 1923 qui
1160 1878 1377 1918 ceciderunt,
1402 1877 1589 1911 militibus.
1616 1878 1698 1911 bar-

260 1924 337 1957 bari
362 1930 493 1967 autem,
516 1926 640 1959 inutili
667 1938 787 1972 opera,
814 1925 858 1958 ad
884 1926 1044 1971 quinque
1079 1926 1194 1958 millia
1219 1925 1411 1958 occisorum
1437 1930 1698 1970 computarunt,

261 1972 452 2005 numeratis
485 1984 602 2018 neque
641 1973 684 2005 iis
700 1996 710 2013 ,
746 1972 808 2018 qui
836 1973 995 2005 suffocati
1019 1977 1142 2012 erant,
1169 1983 1235 2005 uec
1260 1973 1320 2016 qui
1345 1971 1383 2004 in
1407 1970 1554 2004 aedibus
1579 1973 1699 2016 perie-

262 2024 351 2059 rant,
376 2018 439 2052 sed
454 2019 509 2052 -iis
533 2023 670 2052 tantum
695 2031 737 2052 eo
760 2030 907 2052 numero
931 2018 1208 2064 comprehensis,
1233 2029 1321 2064 quos
1345 2018 1383 2050 in
1406 2017 1553 2063 publico
1577 2018 1698 2062 proie-

261 2070 335 2098 ctos
360 2065 425 2098 sole
442 2065 685 2098 collustrabat.

352 2111 420 2149 Hie
443 2111 606 2145 mordeat
630 2113 785 2145 animum
810 2112 966 2146 hominis
990 2111 1249 2152 misericordis,
1274 2110 1371 2155 quod
1395 2116 1431 2143 et
1456 2110 1493 2142 in
1521 2110 1636 2143 triviis
1662 2115 1698 2143 et

261 2158 298 2190 in
315 2169 393 2191 arce
407 2158 565 2203 proiecta
589 2169 738 2204 cumque
757 2159 871 2192 brutis
895 2159 1105 2192 animalibus
1124 2159 1232 2191 mixta
1246 2157 1412 2189 cadavera
1437 2156 1588 2194 barbari,
1613 2167 1700 2200 gens

261 2205 381 2248 generi
403 2204 556 2238 humano
584 2205 726 2246 infesta,
751 2206 1031 2246 combusserunt,
1059 2216 1135 2238 sero
1159 2203 1298 2237 demum
1329 2214 1372 2236 eo
1395 2204 1547 2236 consilio
1572 2203 1699 2237 suncti.

263 2253 357 2295 prius
385 2252 478 2284 enim
503 2251 630 2284 moniti
656 2263 674 2284 a
714 2253 842 2293 nobis,
867 2258 907 2286 ut
942 2252 1139 2297 sepelirent
1169 2250 1350 2290 cadavera,
1377 2261 1423 2283 ne
1449 2255 1541 2283 tetro
1570 2250 1698 2295 adspe-

262 2304 319 2330 ctu
349 2299 507 2331 iacerent
540 2303 576 2331 et
610 2309 756 2343 vapores
795 2300 921 2332 noxios
962 2298 1191 2338 exhalarent,
1227 2302 1385 2330 assuetos
1423 2307 1461 2329 se
1487 2297 1592 2330 rebus
1626 2297 1699 2337 illis

262 2355 338 2378 esse
365 2350 402 2378 et
427 2345 492 2378 tali
517 2345 685 2389 adspectu
717 2351 752 2378 et
780 2345 893 2379 halitu
919 2345 1089 2378 delectari
1116 2344 1388 2388 responderunt.

380 2391 516 2425 Caedes
552 2392 720 2436 frequens
746 2398 781 2425 et
806 2394 927 2436 rapina
954 2391 1108 2424 ferocior
1132 2395 1169 2423 et
1191 2391 1333 2423 miseria
1362 2390 1474 2423 maior
1499 2389 1564 2423 sub
1588 2389 1696 2422 meri-

262 2437 355 2470 diem
380 2439 457 2471 eius
492 2438 584 2478 diei,
620 2450 691 2483 quo
717 2445 819 2483 capta
845 2438 928 2472 urbs
963 2444 1041 2479 est,
1084 2448 1127 2470 ex
1166 2437 1315 2481 imperio
1343 2437 1510 2470 comitum
1539 2447 1693 2470 cessasse

262 2483 460 2518 videbatur.
523 2490 601 2518 erat
645 2490 762 2518 autem
797 2485 995 2524 sabbatum,
1021 2495 1094 2518 non
1122 2483 1205 2527 fuga
1228 2484 1379 2528 insigne,
1403 2494 1508 2529 quam
1532 2483 1612 2528 quis
1639 2493 1695 2516 se-

262 2530 414 2564 cundum
451 2532 671 2575 evangelium
706 2531 927 2576 deprecetur,
954 2531 1017 2564 sed
1046 2536 1116 2564 tam
1141 2530 1291 2563 eximiae
1318 2530 1416 2563 urbis
1443 2530 1556 2563 ruina.
1604 2538 1695 2574 quae

264 2576 394 2610 deinde
412 2584 531 2611 secuta
556 2583 660 2619 sunt,
686 2589 726 2611 ea
755 2589 857 2610 nemo
875 2580 924 2611 ita
947 2577 1156 2622 explicuerit
1172 2601 1180 2615 ‚
1206 2582 1244 2610 ut
1261 2577 1352 2609 nihil
1372 2576 1488 2617 desit3
1516 2575 1579 2609 sed
1603 2585 1694 2621 quae

263 2624 393 2655 narrari
427 2630 601 2669 possunt,
637 2636 677 2658 ea
705 2625 864 2669 quidem,
893 2626 922 2657 si
949 2626 1148 2670 quisquam,
1175 2635 1239 2656 nos
1266 2623 1370 2657 nobis
1397 2622 1558 2656 videmur
1583 2633 1696 2667 expo-

264 2680 346 2701 nere
373 2681 487 2714 posse.
547 2683 667 2705 omnes
703 2672 830 2715 igitur,
857 2672 918 2716 qui
947 2676 1045 2704 extra
1083 2670 1204 2703 urbem
1230 2676 1341 2709 erant,
1370 2671 1521 2715 equites,
1551 2675 1587 2702 et
1612 2679 1694 2701 vero

264 2715 453 2759 nauarchi,
480 2730 556 2751 cum
598 2719 669 2752 suis
705 2719 857 2764 quisque
886 2718 1075 2758 ministris,
1111 2716 1252 2750 liberati
1280 2718 1344 2750 iam
1377 2716 1481 2750 rebus
1513 2713 1695 2755 ominbus,
