1838 3132
255 148 312 195 41
323 152 351 196 2
810 155 1142 198 EUSTATHms

253 255 372 308 ἡμεῖς
418 254 726 304 ἀπολωλεκότες
769 258 824 312 τῷ
853 254 960 314 γήρᾳ
987 255 1184 298 τοσοῦτόν
1225 273 1364 313 φαμεν
1395 261 1694 316 ἐπιτέμνοντες,

254 317 333 373 ὅτι,
364 319 483 363 ὁποῖοί
516 337 575 370 τις
607 321 750 364 Δαυῒδ
778 322 1065 376 μεμελετηκώς
1102 325 1330 378 α’πεκβῆναι
1359 323 1401 367 ἔν
1428 343 1474 380 γε
1501 330 1558 386 τῷ
1585 329 1688 372 κατὰ

250 387 322 429 τὸν
367 389 527 440 Ου’ριάν
565 389 635 428 καί
674 387 746 440 τὴν
775 385 985 442 γαμετήν,
1023 387 1090 430 τὸν
1127 391 1204 441 μὲν
1241 385 1376 446 ἄνδρα
1415 396 1592 445 βασιλέα
1618 395 1697 437 τόν,

250 453 427 504 Ἀλέξων
459 451 681 507 προϊάπτει
714 453 844 503 κάτω,
873 454 1156 506 παραστείλας
1183 458 1257 496 τοῦ
1287 457 1372 510 ζῆν,
1402 454 1490 500 εἶτα
1518 460 1590 501 καί
1612 463 1690 513 βυ·-
1736 460 1738 463 ’

249 521 314 576 θῷ
342 519 560 572 θαλάσσης
602 518 827 568 πιστεύσας
862 520 974 560 καθά
1005 521 1110 568 τινές
1153 537 1309 576 φασιν,
1338 522 1395 572 ὥς
1424 525 1501 566 οιῗκ
1529 520 1581 567 (ἲν
1609 523 1725 579 ἐγῶξι

251 585 542 638 α’νακρίναιμι,
583 583 1110 639 καθάπαξ,ᾰπεστυγηκώς
1137 587 1212 640 τήν
1245 589 1409 643 φαύλην
1435 590 1592 646 ταύτην
1620 606 1694 632 πε.

252 650 455 703 ρι’στασιν.
511 649 583 691 καί
604 651 756 699 ἐκεῖνος
783 652 861 702 μὲν
880 647 985 692 οὕτω
1015 651 1085 692 τὸν
1114 655 1244 694 παῖδα
1275 657 1451 706 βασιλέα
1479 658 1692 698 συνέστει-

249 720 332 767 λεν,
365 717 404 757 εἰ
431 714 503 756 καί
531 715 644 769 λόγοι
676 718 784 764 τινὲς
815 713 987 770 ὕστερον
1018 716 1127 772 ζωὴν
1157 722 1313 761 ἐκείνου
1343 719 1688 774 κατεψεύσαντο·

247 784 306 830 εἰς
339 780 359 823 ὃ
387 784 548 833 παίζων
585 782 606 824 ὃ
647 783 907 836 Ἀνδρόνικος
937 784 1156 838 ὲξελάλησέ
1182 802 1219 826 τι
1259 784 1403 842 δριμύ,
1431 785 1473 837 ὃς
1505 788 1690 837 α’κοόσας

246 850 345 899 περί
369 863 451 888 που
481 848 532 890 τὰ
562 846 666 890 κατὰ
697 851 889 890 Σικελίαν
915 853 1188 903 τημελεῖσθαι
1216 852 1288 894 τὸν
1315 852 1494 903 Ἀλέξων
1521 857 1691 907 βασιλι-
1703 867 1747 902 ιο

245 916 337 966 κῶς,
369 913 448 968 ἡδύ
489 915 666 969 γελάσας
698 910 760 968 stt}
799 913 876 969 δὴ”
905 913 987 971 ἔφη
1020 911 1215 970 ι(ἄριστος
1260 920 1542 975 κολυιιβητής,
1571 918 1687 975 εἴπερ

244 983 287 1020 ὲν
319 979 759 1022 Κωνσταντινουπόλει
789 981 1150 1037 κατακυβιστήσας
1179 984 1237 1032 εἷς
1263 987 1442 1037 βαθεῖαν
1468 985 1690 1028 θάλασσαν

244 1046 446 1088 α’πνευστί
484 1048 647 1097 ὃιεξὲδυ
687 1047 786 1099 περὶ
824 1046 894 1088 τὸν
932 1050 1062 1089 ἐκεῖσε
1091 1048 1322 1103 πορθμόν.”
1394 1049 1613 1100 α’ποικίσας
1639 1052 1688 1094 δὲ

243 1109 355 1153 οὕτω
382 1112 452 1152 τὸν
481 1109 615 1165 ἄνδρα
647 1113 846 1164 Ἀλέξιον,
891 1113 1155 1164 εἰσοικίζεται
1183 1115 1257 1168 τὴν
1285 1116 1399 1174 αὐτῷ
1427 1114 1624 1172 μνηστήν,
1652 1112 1688 1158 οἳ

241 1177 314 1218 καὶ
341 1179 498 1219 ἐκείνου
528 1181 671 1230 κακοῦ,
715 1177 885 1219 νεάνιδα
916 1181 1129 1232 θυγατέρα
1161 1183 1236 1221 τοῦ
1262 1183 1332 1235 τῆς
1364 1184 1577 1236 Φραγγίας
1606 1182 1747 1237 9‘17-15

240 1243 324 1296 γός,
356 1243 561 1285 ὀκνοῦσαν
590 1247 689 1296 μέν,
735 1244 791 1290 ὠς
823 1243 1090 1301 περιᾴὸεται,
1131 1244 1205 1299 τὴν
1234 1245 1438 1301 συναφήν.
1496 1242 1577 1302 ἤδη
1605 1247 1685 1303 γάρ

240 1309 313 1350 καί
341 1310 502 1365 φρενῶν
531 1309 849 1362 ὑπεπίμπλατο,
879 1311 951 1351 καί
983 1313 1262 1366 πεπειραμένη
1293 1312 1338 1353 δὲ
1368 1307 1502 1362 ἄλλως
1534 1311 1688 1368 λειότη-

239 1390 306 1424 τος
333 1376 509 1429 ἐραστοῦ
551 1373 621 1417 τὸν
658 1373 816 1429 τραχὺν
862 1376 1103 1430 α’πέστεργε.
1171 1378 1247 1417 καί
1282 1393 1402 1430 ποτε,
1432 1379 1559 1433 φασί,
1588 1382 1686 1421 καθ’

241 1437 394 1490 ὕπνους
422 1444 716 1497 φαντασαμένη
756 1441 827 1482 τὸν
855 1443 1022 1483 νεανιάν
1061 1444 1133 1483 καί
1160 1437 1195 1483 αἶ
1217 1442 1374 1492 Ἀλέξιε
1403 1444 1687 1499 α’νακράξασα,

241 1501 308 1547 οἶα
337 1505 507 1558 ἔπαθεν,
534 1503 642 1549 οἶδεν
676 1506 796 1561 αὕτη.
1695 1517 1746 1552 20

356 1575 445 1614 Kal
481 1569 530 1627 ἦν
563 1575 640 1624 μὲν
682 1572 781 1621 ἴσως
823 1575 987 1626 μέτριος
1027 1572 1102 1627 τὴν
1129 1575 1299 1625 κακίαν,
1342 1573 1455 1628 εἴπερ
1498 1577 1684 1618 ἐνταῦθα

242 1639 376 1682 ἐλθών
414 1637 669 1691 ἀδικήματος
707 1638 823 1693 ἔληξε
848 1642 919 1680 καί
943 1640 1134 1695 ἐστράφη
1173 1639 1278 1694 πρὸς
1309 1640 1381 1681 τὸν
1412 1641 1582 1696 ἀληθοῦς
1612 1638 1683 1685 ἄν-

337 1757 370 1789 5.
401 1755 463 1800 ὦς]
493 1753 582 1794 055?

246 1880 402 1914 scopum,
428 1880 531 1914 quem
547 1869 658 1914 petit:
684 1880 776 1914 quae
798 1881 907 1915 quum
924 1882 987 1903 nos
1002 1870 1220 1903 amiserimus
1248 1875 1443 1911 senectute,
1459 1870 1527 1904 hoc
1543 1875 1681 1905 tantum

245 1917 390 1950 strictim
411 1915 503 1957 dico,
519 1927 598 1948 eum
617 1918 716 1961 quasi
733 1917 883 1949 alterum
901 1917 975 1950 fieri
990 1917 1158 1950 Davidem
1180 1918 1335 1950 voluisse
1360 1919 1397 1950 in
1419 1929 1474 1958 eo,
1499 1917 1598 1963 quod
1615 1918 1679 1951 ille

245 1963 410 1996 adversus
437 1964 551 1995 Uriam
591 1969 626 1996 et
665 1974 809 1996 uxorem
846 1966 921 1997 eius
946 1964 1048 2006 fecit,
1081 1963 1258 2009 siquidem
1292 1965 1406 1998 virum
1431 1964 1478 1996 im
1507 1969 1681 1998 eratorem

246 2011 407 2043 Alexium
432 2009 643 2054 pessumdat,
669 2010 766 2054 prius
783 2011 853 2042 vita
879 2011 1057 2056 privatum
1076 2016 1111 2043 et
1136 2011 1266 2044 deinde
1292 2012 1329 2044 in
1348 2022 1443 2043 mare
1494 2022 1679 2051 emersum,

245 2063 282 2090 ut
311 2056 453 2102 quidam
488 2055 631 2097 dicunt,
674 2067 738 2100 ego
771 2063 888 2090 autem
927 2057 1122 2090 diiudicare
1154 2058 1276 2097 nolim,
1298 2069 1441 2102 prorsus
1470 2057 1678 2090 abominans

246 2116 314 2136 rem
334 2114 409 2136 eam
427 2102 685 2135 detestabilem.
709 2115 789 2147 ergo
811 2104 872 2137 ille
899 2115 1049 2149 puerum
1067 2105 1316 2149 imperatorem
1335 2105 1522 2149 oppressit,
1541 2105 1678 2138 etiamsi

245 2162 400 2183 rumores
436 2150 579 2194 quidam
612 2155 734 2194 postea
761 2151 915 2183 eiusdem
947 2152 1055 2184 vitam
1083 2151 1391 2184 ementiebantur:
1424 2150 1469 2183 ad
1494 2162 1599 2196 quam
1625 2151 1680 2184 fa-

245 2210 333 2230 mam
372 2198 497 2229 acerbe
533 2196 627 2228 dicto
665 2196 844 2242 quondam
877 2198 963 2230 lusit
992 2197 1232 2237 Andronicus,
1258 2198 1348 2243 qui,
1374 2209 1482 2243 quum
1509 2197 1676 2239 audisset,

246 2245 340 2287 regio
378 2243 512 2276 honore
549 2243 682 2275 alicubi
723 2244 758 2276 in
785 2245 907 2277 Sicilia
930 2244 1052 2277 haberi
1078 2245 1253 2284 Alexinm,
1279 2243 1466 2277 subridens
1493 2245 1679 2289 “egregius

244 2291 417 2336 profecto,
448 2290 576 2335 inquit,
604 2291 762 2323 urinator
788 2291 852 2324 ille
885 2296 950 2331 est,
977 2292 1005 2324 si
1030 2290 1171 2337 quidem
1184 2291 1287 2335 Cpoli
1313 2292 1349 2324 in
1377 2302 1470 2324 mare
1488 2290 1679 2331 demersus,

244 2350 316 2371 non
345 2337 502 2382 spiravit,
527 2335 611 2368 dum
641 2344 834 2381 emergeret
860 2339 898 2370 in
925 2338 987 2371 illo
1011 2338 1152 2382 portu.''
1200 2338 1321 2383 itaque
1347 2350 1364 2370 e
1392 2336 1510 2371 medio
1536 2337 1678 2371 sublato

244 2386 318 2417 viro
344 2384 492 2423 Alexio,
526 2384 562 2416 in
595 2384 857 2417 matrimonium
883 2384 1000 2424 ducit,
1039 2383 1128 2417 eheu
1159 2395 1286 2416 novam
1311 2385 1534 2430 nequitiam,
1552 2395 1663 2429 spon-

245 2443 317 2464 sam
334 2432 421 2471 eius,
449 2430 555 2463 filiam
571 2429 830 2463 adolescentem
854 2432 943 2475 regis
957 2432 1179 2470 Francorum,
1205 2432 1522 2476 pertimescentem,
1549 2436 1589 2464 ut
1606 2432 1681 2464 fer-

245 2484 315 2517 tur,
340 2477 376 2510 id
391 2477 602 2520 coniugium.
634 2477 766 2510 etenim
786 2489 910 2523 sapere
930 2478 991 2510 illa
1011 2478 1078 2510 iam
1099 2484 1277 2522 coeperat,
1304 2484 1411 2524 atque
1426 2482 1564 2522 gustato
1579 2478 1679 2510 suavi

246 2525 357 2557 amico
387 2524 611 2557 aversabatur
635 2534 810 2568 asperum.
862 2531 898 2558 et
923 2523 1121 2570 quondam,
1150 2530 1190 2556 ut
1219 2525 1347 2565 ferunt,
1374 2536 1484 2570 quum
1520 2535 1583 2569 per
1621 2535 1680 2557 so-

247 2582 364 2603 mnum
394 2570 654 2604 adolescentem
678 2570 834 2612 vidisset,
861 2577 906 2613 et,
932 2583 952 2604 o
977 2571 1088 2611 Alexi,
1115 2571 1354 2611 exclamasset,
1380 2583 1470 2617 quae
1498 2581 1598 2616 passa
1621 2571 1678 2610 sit,

248 2619 320 2662 ipsa
341 2619 452 2650 novit.
953 2617 956 2623 ‘

342 2677 389 2708 Ac
413 2675 535 2708 fuisset
560 2675 705 2708 fortasse
731 2675 889 2707 modicus
915 2676 950 2707 in
975 2674 1156 2720 nequitia,
1183 2675 1211 2707 si
1238 2686 1279 2707 eo
1306 2685 1508 2720 progressus
1533 2674 1682 2707 iniuria·
1719 2671 1722 2674 ⁴

250 2731 322 2751 rum
348 2721 556 2762 destitisset,
581 2728 616 2755 et
643 2721 791 2755 redisset
815 2721 859 2754 ad
884 2721 1149 2762 humanitatem,
1175 2721 1289 2766 pravis
1314 2720 1532 2755 facinoribus
1556 2719 1600 2753 ed
1615 2721 1660 2752 im
