1838 3132
611 118 1106 162 CHRONOGRAPnlA.
1490 118 1511 158 1
1521 115 1547 159 7
1556 117 1578 159 1

552 220 747 269 Ἀριέμιος
764 220 783 256 ὁ
811 224 875 256 καὶ
894 221 1150 261 amouimus.

230 300 452 353 Ἀρτέμιος
482 297 505 339 o‘
537 303 608 341 καί
634 299 905 349 Ἀναστάσιος
932 300 1203 353 ἐβασίλευσεν
1220 297 1293 354 ἔτη
1312 298 1403 353 δύο,
1433 297 1688 352 λογιώ-,ςση’

125 381 247 416 τατος
283 359 366 407 ὤν·
423 364 468 414 ὃς
495 366 747 421 προεβάλετο
774 367 1030 422 στρατηγοὺς
1059 367 1119 417 εἰς
1142 381 1186 409 τε
1212 363 1261 408 τά
1291 361 1582 419 καβαλλαρικά

125 434 291 486 θέματα
330 433 403 474 καί
438 433 497 480 εἰς
553 432 603 474 τὰ
630 432 820 473 πολιτικά
861 435 1136 488 λογιωτάτους
1176 433 1250 474 καί
1286 430 1583 483 ἱκανωτάτους,

90 495 231 541 ὀιὶίστε
260 499 312 540 τὰ
343 496 530 540 πολιτικοὶ
560 498 606 539 ἐν
634 498 754 556 ἀδείᾳ
780 503 922 541 τελεῖν.
955 493 1076 548 οὗτος
1107 497 1327 555 Θεόδωρον
1359 497 1432 540 καί
1443 499 1483 540 Γ
1481 495 1584 551 εωρ-

124 582 213 619 γιον
239 563 337 614 τούς
376 565 622 618 πατρικίους
659 563 934 621 ἑκτυφλώσας
975 564 1175 621 ἐξώρισεν
1207 566 1252 607 ἐν
1285 564 1584 621 Θεσσαλονίκῃ.

127 634 210 690 τῶν
238 633 284 673 δὲ
309 629 500 684 Ἀράβων
529 628 813 683 ὁπλιζομένων
850 629 955 674 κατά
978 631 1217 683 Ῥωμανίας
1244 630 1315 672 διά
1344 646 1387 673 τε
1415 631 1490 685 γῆς
1515 627 1588 671 καί

127 691 371 752 θαλάσσης,
416 695 628 752 ἀπηγγέλη
672 698 731 753 τῷ
767 699 942 751 βασιλεῖ
975 697 1082 740 κατά
1110 700 1183 753 τῆς
1225 698 1386 746 πόλεως
1412 694 1586 744 τούτους

126 764 435 817 παραγίνεσθαι
453 780 463 789 ·
522 760 543 804 ὅ
573 764 620 804 δὲ
644 759 795 819 ἤρξατο
827 765 982 815 κτίζειν
1004 763 1228 820 ὸ”ρόμωνάς
1261 780 1305 806 τε
1332 761 1490 817 διὴρεις
1513 764 1587 803 καί

70 838 112 874 10
126 826 314 884 παράλια
350 831 468 885 τείχη
508 830 791 882 ἀνακαινίζειν
808 863 821 885 ‚
849 828 1049 879 ὦσαύτως
1075 829 1147 872 καί
1170 829 1217 874 τά
1244 836 1442 885 χερσαῖα,
1469 829 1585 877 τοξο-

122 898 361 951 βολίστραις
388 911 433 938 τε
478 897 551 938 καί
585 900 752 946 λοιπαῖς
787 896 974 940 ὃπλίσεσι
1011 896 1084 953 τήν
1123 898 1244 939 πόλιν
1286 893 1583 949 κατωχύρωσε.

124 965 198 1004 καί
226 963 489 1018 γεννημάτων
529 962 579 1006 τοὶ
628 963 758 1019 ὥρεῖα
787 964 1042 1020 ἐπλήρωσεν.
1100 963 1171 1006 ἐπὶ
1195 961 1347 1005 τούτου
1374 963 1447 1003 καί
1475 962 1518 1003 Γ
1514 976 1584 1016 ερ·

123 1028 258 1081 μανὸς
286 1030 331 1070 ἐκ
367 1028 666 1085 μητροπόλεως
694 1030 882 1082 Κυζίκου
920 1033 1193 1083 μετατίθεται
1224 1031 1284 1079 εἰς
1314 1031 1583 1071 Κωνσταντι-

125 1098 339 1150 νούπολιν,
370 1095 442 1137 καὶ
469 1095 717 1151 κιτατώριον
762 1097 808 1139 δὲ
842 1097 1133 1150 μεταθεσίμου
1164 1094 1472 1151 ἐκπεφώνηται,
1499 1091 1584 1148 ψή-

71 1173 112 1207 15
127 1177 193 1220 φῳ
237 1162 310 1203 καί
337 1163 562 1219 δοκιμασίᾳ
596 1165 671 1204 τοῦ
698 1163 1031 1220 θεοφιλεστάτου
1070 1164 1355 1218 πρεσβυτέρου
1386 1160 1459 1202 καί
1486 1161 1585 1202 δια-

123 1228 246 1270 κόνου
275 1231 348 1271 καί
375 1232 448 1282 τῆς
473 1226 589 1286 ἱερᾶς
615 1228 848 1285 συγκλήτου
878 1232 1138 1290 έκφωνηθέν.
1198 1227 1249 1283 “ἧ
1279 1230 1376 1270 θεία
1401 1226 1530 1282 χάρις
1558 1224 1585 1280 ἧ

125 1296 303 1337 πάντοτε
332 1295 384 1338 τά
417 1298 578 1350 α’σθενῆ
604 1296 906 1351 θεραπεύουσα
948 1299 1022 1338 καί
1048 1295 1098 1338 τοὶ
1131 1295 1368 1337 ἐλλείποντα
1395 1294 1585 1348 ἀναπλη-

125 1364 263 1415 ροῦσα
290 1364 539 1417 μετατίθησι
560 1363 782 1418 Γερμανὸν
811 1361 883 1404 τὸν
910 1359 1140 1404 ὁσιώτατον
1167 1362 1375 1417 πρόεδρον
1403 1362 1476 1415 τῆς
1490 1361 1583 1402 Κυ-

128 1429 305 1483 ζικηνῶν
327 1426 623 1484 μητροπόλεως
651 1430 711 1478 εἰς
739 1430 962 1471 ἐπίσκοπον
999 1426 1156 1482 ταύτης
1186 1429 1259 1482 τῆς
1290 1425 1583 1483 θεοφυλάκτου

67 1502 114 1537 20
126 1493 199 1536 καί
223 1497 443 1548 βασιλίδος
467 1492 626 1545 πόλεως
652 1497 724 1538 ἐπί
748 1497 969 1550 Ἀρτεμίου
995 1496 1240 1548 βασιλέως.”

237 1559 413 1603 Μαθὼν
450 1562 497 1604 δὲ
527 1561 550 1602 0‘
592 1561 794 1615 βασιλεύς
835 1560 900 1603 ὅτι
938 1560 1083 1610 στόλος
1113 1563 1264 1616 ἐξῆλθε
1293 1561 1377 1602 ταῖν
1404 1560 1586 1615 Ἀγαρη..

124 1627 209 1669 τῶν
239 1625 344 1682 πρὸς
382 1626 428 1670 τὸ
468 1628 602 1681 κόψαι
635 1627 740 1680 ξύλα
773 1627 847 1670 ε’πί
867 1627 941 1670 τὸν
973 1627 1162 1683 Φοίνικα,
1195 1627 1414 1670 ἀπέστειλε
1441 1625 1584 1670 στόλον

124 1693 229 1746 μετά
261 1697 461 1750 κληρικοῦ
489 1693 664 1748 ὀνόματι
692 1694 895 1750 Ἰωάννην,
924 1692 972 1737 ὃν
993 1696 1067 1737 καί
1089 1693 1337 1748 ’[ωαννάκην
1369 1694 1585 1750 ἐκάλεσαν,

572 1857 753 1891 Ariminus
791 1867 869 1891 swa
895 1857 1130 1891 Anssusms.

203 1936 398 1970 -Artemius
423 1937 485 1982 qui
517 1938 624 1971 etiam
653 1939 859 1972 Anastasius
884 1937 973 1971 duos
996 1949 1109 1971 annos
1139 1937 1311 1982 regnavit,
1341 1938 1395 1971 vir
1417 1937 1583 1981 pruden-

126 1982 294 2024 tissimus,
321 1985 382 2030 qui
411 1989 447 2018 et
472 1985 700 2031 equestribus
726 1987 838 2030 copiis
864 1990 900 2018 et
927 1985 1121 2030 provinciis
1146 1983 1312 2018 homines
1337 1984 1583 2029 prudentissi—

126 2041 201 2063 mos
229 2037 264 2064 et
292 2032 495 2076 aptissimos
519 2033 718 2078 praefecit,
755 2034 807 2066 ita
832 2038 870 2066 ut
897 2044 949 2065 res
978 2032 1123 2078 publica
1150 2033 1273 2078 quiete
1309 2032 1582 2066 administrare-

126 2083 194 2111 tur.
245 2079 303 2111 hic
328 2079 556 2114 Theodorum
582 2086 618 2115 et
635 2081 829 2124 Georgium
857 2080 1023 2125 patricios
1051 2085 1259 2114 excaecatos
1287 2080 1583 2113 Thessalonicam

127 2125 312 2169 relegavit.
374 2127 506 2161 Arabes
543 2139 652 2173 quum
685 2134 809 2161 contra
839 2128 1016 2160 Romanos
1042 2133 1136 2160 terra
1164 2129 1326 2172 marique
1354 2127 1492 2161 bellum
1519 2139 1584 2173 pa-

127 2178 267 2215 tarent,
292 2175 492 2208 nuntiatam
527 2181 581 2209 est
605 2176 702 2220 regi,
745 2180 868 2209 contra
894 2174 1017 2207 urbem
1051 2175 1134 2208 illos
1169 2175 1359 2220 proficisci.
1422 2180 1496 2209 tum
1522 2185 1583 2208 rex

125 2218 315 2254 aedificare
339 2222 476 2255 celoces
501 2228 538 2256 et
561 2223 715 2256 biremes
745 2223 865 2268 coepit
895 2227 932 2255 et
959 2222 1132 2255 maritima
1171 2227 1209 2255 et
1233 2222 1414 2256 terrestria
1439 2223 1584 2255 moenia

126 2277 315 2311 reparare;
341 2269 495 2303 ballistis
537 2276 722 2314 praeterea
758 2276 794 2303 et
829 2269 910 2302 aliis
937 2269 1044 2302 armis
1076 2268 1200 2303 urbem
1228 2269 1384 2303 firmavit
1411 2275 1447 2304 et
1469 2270 1585 2314 frugi*-

126 2313 193 2346 bus
218 2317 378 2357 granaria
404 2317 568 2363 replevit.
618 2317 684 2351 sub
711 2329 752 2351 eo
782 2317 981 2351 Germanus
1008 2327 1052 2350 ex
1075 2316 1205 2361 Cyzico
1235 2317 1430 2363 metropoli
1451 2317 1584 2362 Cpolin

126 2363 364 2406 transpositus
389 2369 443 2397 est
470 2370 508 2398 et
530 2366 729 2398 citatorium
759 2363 1049 2409 transpositionis
1086 2364 1361 2409 proclamatum,
1387 2363 1583 2397 secundum
1618 2391 1623 2399 .

127 2410 328 2451 suffragium
355 2416 390 2443 et
415 2413 628 2446 sententiam
653 2424 672 2445 a
701 2412 768 2446 deo
790 2412 999 2445 amatissimi
1021 2411 1236 2456 presbyteri,
1264 2411 1408 2445 diaconi
1438 2417 1473 2444 et
1499 2423 1583 2444 san-

126 2457 173 2488 cti
199 2457 341 2489 concilii
369 2457 421 2490 his
455 2459 569 2492 verbis
597 2459 740 2493 “divina
779 2459 914 2503 gratia,
948 2469 1042 2504 quae
1075 2464 1215 2504 semper
1243 2459 1379 2492 debilia
1406 2458 1521 2492 firmat
1547 2464 1584 2492 et

124 2513 248 2535 manca
274 2505 429 2548 supplet,
447 2506 675 2547 Germanum,
695 2507 954 2540 sanctissimum
978 2505 1232 2549 Cyzicenorum
1250 2506 1459 2551 metropolis
1481 2516 1583 2550 prae·

126 2548 258 2583 sectum
287 2552 493 2598 episcopum
531 2554 617 2588 facit
644 2554 739 2588 urbis
778 2566 798 2587 a
823 2554 890 2587 deo
919 2553 1090 2587 defensae
1126 2559 1163 2587 et
1191 2555 1312 2598 regiae
1336 2553 1402 2586 sub
1432 2553 1581 2598 imperio

129 2597 307 2630 Artemii.''

220 2646 290 2677 Rex
316 2647 446 2679 certior
487 2647 599 2681 factus
637 2648 837 2692 profectum
871 2658 948 2680 esse
986 2649 1228 2692 Agarenorum
1264 2646 1458 2679 exercitum
1484 2646 1581 2690 ligna

123 2692 161 2724 in
190 2691 378 2726 Phoenicia
415 2705 574 2736 caesum,
613 2695 761 2729 classem
787 2696 884 2729 misit
909 2694 976 2730 sub
1008 2695 1137 2728 clerico
1163 2693 1318 2741 quodam
1343 2695 1489 2734 manne,
1514 2693 1580 2739 qui
