1838 3132
301 165 372 204 DE
395 159 796 206 THESSALONJCA
821 161 858 205 Α
883 163 1089 205 LATINIS
1115 160 1302 204 CAPTA.
1422 156 1516 204 389

271 258 289 274 ‘l

87 276 166 309 τως
195 260 235 302 δ’
260 278 312 303 αν
343 261 415 304 καί
440 261 508 304 τὸν
524 263 598 304 τοῦ
615 261 821 317 Μανουὴλ
851 263 983 304 παῖδα
1012 262 1257 304 αιδὲσεσθαι
1287 259 1391 302 κατά
1419 260 1519 309 τούς

86 341 268 380 συχνους
297 324 457 383 ὅρκους,
486 344 552 372 και
582 328 763 381 μάλιστα
792 328 891 377 τούς
927 325 1114 383 ὖ’σ,τερον
1142 326 1216 376 οὓς
1242 326 1349 380 μετά
1377 326 1519 374 πάθας

89 389 243 441 πολλάς
274 394 458 448 ἐπέκρινε
490 396 654 446 δοῦναι,
684 393 755 436 καί
792 393 983 442 δεδωκώς
1009 392 1082 448 τήν
1108 395 1190 436 τῶν
1224 392 1519 447 Παφλαγόνων

88 457 422 511 α’ντεκληριόσατο
458 461 562 514 γῆν,
591 458 648 508 ὥς
689 458 760 500 καί
794 460 1178 512 στρατοπεδάρχεῖν
1205 459 1338 501 ἐκεῖσε
1366 460 1438 500 καὶ
1466 454 1519 498 τοὶ

55 522 246 565 δέκεῖθεν
271 525 332 573 εἰς
355 526 499 579 κέρδος
528 525 897 581 άιιονοσφιζεσθαι.
953 524 1025 566 καί
1051 520 1163 579 εἶχον
1187 527 1265 577 μὲν
1292 521 1423 574 οὕτως
1450 525 1521 567 ἐλ-

86 590 220 630 πίδων
248 588 286 631 οἱ
317 591 392 644 τῆς
416 589 728 644 μεγαλοπόλεως
745 607 756 618 ·
815 588 859 632 αἱ
889 591 936 633 δὲ
963 586 1071 645 ἦσαν
1096 591 1260 639 ἐλπίδες
1291 585 1423 639 ἄλλως
1451 589 1525 632 καί

88 649 260 710 ὄνείρων
284 654 388 698 κατὰ
418 655 490 697 τὸν
516 655 681 698 εἰπόντα
708 653 819 711 σκιά,
850 653 907 705 ὦς
935 653 957 696 ὅ
985 654 1116 698 ἐπιών
1144 655 1292 710 χρόνος
1325 657 1519 709 ἀνέδειξε,

85 719 250 774 ψεύσας
272 719 346 776 τήν
372 720 500 776 καλὴν
527 723 771 778 ζωγραφίαν
798 719 849 777 ἢν
888 721 910 764 ὃ
939 724 1038 764 καθ’
1065 723 1138 764 ἕνα
1167 722 1237 763 ἐπὶ
1262 724 1319 779 τῷ
1347 723 1518 780 Ἀνδρο-
1531 725 1598 762 274
1625 765 1630 768 Α

85 788 182 844 νίκῳ
219 785 505 829 ἔνετυπώσατο
554 788 615 837 εἰς
651 785 822 844 ἔαυτόν,
864 788 936 831 καὶ
974 788 1211 842 ἀπαλείψας
1249 791 1349 841 μὲνν
1373 784 1517 844 αὖτήν,

33 861 76 895 10
87 849 270 909 ἐκφήνας
295 854 341 894 δὲ
372 851 443 894 τόν
469 848 604 908 ἄνδρα
631 855 900 911 καινότροπον
916 889 927 908 ,
955 856 1085 898 εἰπεῖν
1114 855 1413 910 εὐφημότερον.

193 916 322 961 Ἀλλὰ
353 920 476 960 τοῦτο
504 921 582 971 μὲν
610 917 756 975 μικρόν
777 936 818 962 τι
852 918 1052 977 ὕστερον·
1080 920 1175 962 τότε
1205 921 1252 962 δὲ
1280 921 1518 962 α’νεκαλεῖτο

86 984 256 1032 ἕκαστος
292 982 366 1025 τόν
402 984 667 1039 Ἀνδρόνικον
706 983 765 1035 ὥς
793 981 875 1041 ἤδη
911 985 985 1029 καί
1022 984 1207 1041 παρόντα
1235 981 1262 1042 ἢ
1290 988 1390 1040 γοῦν
1412 983 1520 1027 α’λλά

86 1047 382 1104 παρεσόμενον.
446 1049 502 1100 ὥς
531 1052 578 1093 δὲ
605 1051 657 1094 ’τό
685 1050 911 1108 φάντασμα
947 1049 1168 1107 ἐψεύσατο,
1196 1052 1266 1094 καί
1293 1051 1315 1092 ὅ
1343 1049 1520 1104 πόλεμος

86 1117 185 1171 περὶ
212 1112 351 1170 δείλην
379 1115 509 1171 ὀψίαν
538 1118 826 1174 κατειργάσθη,
858 1116 987 1172 ῥίψας
1013 1116 1189 1167 πολλοὺς
1217 1119 1290 1159 καί
1312 1116 1356 1159 τὸ
1387 1114 1520 1159 νότιον

33 1193 74 1227 15
86 1180 363 1237 πολυάνδριον
389 1181 434 1225 τὸ
468 1181 569 1237 πρὸς
595 1186 646 1240 τῇ
672 1183 870 1240 θαλάσσῃ
911 1181 1071 1238 πλήσας
1100 1186 1254 1239 νεκρῶν
1279 1185 1518 1237 βασιλικῶν,

84 1245 107 1288 ὃ
134 1246 185 1303 δὴ
214 1248 373 1304 σαπριἀ
415 1250 637 1304 τεθέληται
663 1249 886 1305 λέγεσθαι,
912 1249 985 1292 καί
1013 1250 1143 1305 ἐχρῆν
1168 1248 1269 1291 κατά
1297 1265 1389 1291 τινα
1418 1246 1523 1302 ξύμ-

83 1317 209 1366 βασιν
251 1313 328 1368 τήν
367 1314 459 1357 τότε
500 1315 681 1366 δόξασαν
708 1316 843 1371 ἠρέμα
877 1317 1130 1370 καταστῆναι
1162 1312 1259 1364 τούς
1286 1329 1328 1357 τε
1354 1317 1520 1368 βασιλι-

82 1379 183 1428 κούς
223 1378 321 1429 τούς
343 1395 388 1423 τε
429 1380 810 1437 ἑκκλησιαστικούς,
851 1377 947 1423 ὅποι
988 1384 1065 1434 μὲν
1091 1377 1220 1436 ἦλθον
1258 1380 1451 1434 μεθόδων
1480 1377 1519 1421 οἱ

38 1482 40 1485 ,
81 1442 190 1500 τότε,
215 1443 419 1500 πάρεργον
448 1441 566 1500 οἶμαι
592 1447 855 1505 ξυγγράφειν,
883 1445 907 1488 ὃ
934 1448 980 1490 δὲ
998 1447 1098 1502 ἡμῖν
1127 1445 1318 1489 ὁδοποιεῖ
1336 1444 1388 1487 τά
1417 1447 1516 1501 ἑφε-

27 1524 71 1558 20
84 1513 165 1567 ξῆς,
193 1508 423 1566 εἰρήσεται.

188 1576 547 1621 Ἀποκαθίσταται
583 1579 662 1631 μὲν
685 1576 789 1631 μετά
818 1593 911 1621 τινα
952 1578 1213 1634 διαστήματα
1242 1577 1406 1634 ἔμμηνα
1435 1585 1516 1619 πα-

80 1649 296 1700 τριαρχεΐν
323 1639 452 1693 αὖθις
479 1644 712 1698 α’ναγκαιὶος
741 1641 762 1685 ὅ
792 1641 1017 1699 ἱερώτατος
1048 1642 1281 1699 Θεοδόσιος,
1310 1644 1516 1698 συγκαθί-

87 1838 162 1860 rum
187 1827 362 1861 Manuelis
385 1837 533 1872 puerum
557 1832 703 1873 propter
727 1829 934 1869 iuramenta,
970 1838 1063 1874 quae
1088 1828 1230 1869 fecerat,
1256 1827 1421 1872 plurima,
1445 1838 1514 1872 po-

87 1874 234 1908 sterion-a
263 1874 486 1919 praesertim,
523 1885 615 1919 quae
650 1880 730 1920 post
757 1886 899 1919 magnas
945 1876 1103 1908 miserias
1131 1875 1213 1908 dare
1239 1874 1454 1914 decreverat,
1479 1880 1515 1907 et

87 1932 195 1967 quum
220 1920 385 1961 dedisset,
417 1920 687 1965 Paphlagoniam
727 1923 764 1955 in
791 1924 899 1956 vicem
930 1923 1076 1968 accepit,
1101 1928 1140 1956 ut
1170 1927 1205 1955 et
1228 1922 1413 1966 imperium
1439 1922 1514 1954 eius

87 1969 287 2013 provinciae
313 1974 492 2001 exerceret
518 1974 554 2002 et
577 1968 642 2000 sibi
671 1968 755 2001 inde
785 1969 918 2002 lucrum
952 1970 1096 2002 faceret.
1148 1970 1254 2002 talem
1285 1969 1392 2012 igitur
1417 1979 1514 2012 spem

87 2015 201 2049 omnis
227 2014 351 2048 civitas
374 2014 506 2048 alebat.
554 2014 616 2048 sed
646 2023 720 2048 erat
746 2026 785 2048 ea
814 2028 892 2061 spes
917 2016 1031 2049 inanis
1057 2021 1093 2049 et
1117 2016 1254 2056 somnii,
1282 2014 1378 2060 quod
1403 2016 1514 2055 aiunt,

85 2074 174 2096 vana
198 2062 342 2107 species,
366 2061 664 2107 quemadmodum
690 2068 827 2107 ternpus
850 2063 980 2096 deinde
1007 2067 1162 2096 secutum
1181 2062 1388 2101 declaravit,
1417 2062 1515 2106 quod

85 2110 242 2155 pulcram
258 2109 356 2141 illam
380 2109 575 2152 imaginem,
601 2120 706 2155 quam
731 2110 774 2142 de
787 2109 986 2143 Andronico
1011 2110 1076 2142 sibi
1093 2110 1243 2155 quisque
1260 2109 1515 2149 confinxerant,

87 2156 221 2190 delevit
242 2162 278 2188 et
303 2156 480 2195 abstersit,
503 2156 732 2202 ostenditque
757 2156 957 2197 hominem,
984 2162 1023 2189 ut
1059 2156 1245 2201 benignius
1287 2156 1421 2195 dicam,
1450 2166 1517 2188 no-

86 2215 166 2237 vum
194 2208 230 2235 et
252 2203 446 2236 insolitum.

181 2249 252 2282 sed
277 2249 366 2282 illud
400 2249 544 2295 quidem
568 2251 676 2295 paulo
710 2256 793 2295 post
819 2250 949 2283 sactum
987 2254 1051 2282 est.
1107 2255 1182 2283 tum
1216 2254 1332 2283 autem
1369 2247 1519 2282 vocabat

88 2298 333 2341 unusquisque
348 2296 600 2338 Andronicum,
624 2303 790 2342 tanquam
817 2298 884 2329 iam
910 2301 1142 2341 praesentem,
1167 2301 1229 2329 aut
1253 2301 1347 2329 certe
1374 2295 1519 2341 quidem

86 2355 169 2376 mox
187 2345 385 2376 affuturum.
415 2354 507 2389 quae
531 2355 609 2389 spes
630 2356 738 2390 quum
764 2344 950 2376 fefellisset
977 2344 1081 2384 cives,
1108 2349 1144 2377 et
1171 2343 1306 2376 bellum
1325 2344 1435 2375 multa
1455 2353 1519 2374 ve-

87 2401 186 2435 spera
215 2395 394 2431 cessasset,
414 2390 604 2436 fractisque
628 2392 750 2424 multis
769 2397 804 2423 et
818 2391 1030 2423 coemeterio
1044 2390 1202 2430 australi,
1230 2389 1327 2435 quod
1352 2389 1396 2422 ad
1423 2399 1519 2421 mare

87 2438 243 2482 pertinet
269 2442 303 2469 et
340 2436 535 2481 putredinis
565 2449 696 2471 nomen
722 2439 860 2476 meruit,
889 2437 1116 2470 cadaveribus
1151 2438 1299 2482 impleto
1325 2437 1520 2490 irnperato-

89 2485 161 2523 riis,
188 2482 379 2516 secundum
407 2485 606 2528 pactionem
635 2491 709 2518 tum
741 2486 864 2517 initam
896 2485 1077 2529 quiescere
1102 2489 1282 2529 oporteret
1305 2488 1341 2516 et
1365 2485 1517 2526 impera-

89 2531 200 2564 torios
232 2535 268 2563 et
300 2531 556 2574 ecclesiasticos
573 2557 582 2572 ‚
618 2543 912 2577 supervacaneum
940 2537 1026 2575 puto
1054 2542 1214 2572 narrare,
1248 2540 1335 2576 quas
1363 2529 1418 2562 illi
1445 2534 1521 2561 tum

89 2576 313 2611 conditiones
344 2571 608 2620 constituerint,
646 2591 685 2612 ac
710 2579 868 2612 dicturus
893 2589 992 2619 sum,
1020 2578 1117 2623 quod
1141 2579 1234 2611 viam
1256 2576 1359 2609 nobis
1384 2575 1524 2609 muniat

90 2624 136 2657 ad
162 2635 214 2657 res
241 2623 371 2657 deinde
397 2630 547 2658 secutas.

185 2671 395 2704 Restituitur
421 2677 503 2716 post
527 2672 631 2705 unius
658 2672 732 2705 fere
755 2672 884 2705 mensis
921 2670 1067 2704 dissidia
1096 2672 1131 2704 in
1156 2669 1433 2715 patriarchatum
1460 2679 1526 2701 ne-

93 2718 252 2752 cessitate
281 2723 429 2763 cogente
454 2719 693 2753 sanctissimus
723 2718 961 2759 Theodosius,
997 2719 1221 2763 sociaturque
1251 2728 1328 2750 cum
1358 2728 1400 2750 eo
1431 2726 1527 2749 com-
