1838 3132
247 157 343 205 350
669 161 934 205 scmPToR
973 160 1233 203 1NCERTUS

246 259 294 303 ὅν
323 278 415 305 τινα
441 262 603 306 Ὑλιλᾶν
646 260 922 314 ἐπωνόμαζον,
953 258 1010 310 ὥς
1035 262 1140 308 τινές
1169 275 1321 315 φασιν,
1342 260 1675 317 ’ἑρμηνευόμενον

114 328 450 383 Ρ.436Ἑβραϊστι’
481 330 641 381 λέγεται
670 325 904 382 πρόδρομος
931 329 1001 368 καί
1019 326 1218 380 συνεργός
1245 329 1318 368 τοῦ
1347 328 1554 381 διαβόλου.
1575 334 1673 375 τοῦ..

245 409 315 435 τον
359 393 656 446 ἐπιλαβόμενος
697 395 850 447 Λέων,
890 392 961 434 καί
1002 392 1383 445 ἀνακοινωσάμενος
1428 394 1557 444 αὐτὸς
1594 396 1672 450 τήν

243 455 400 500 ἑαυτοῦ
424 459 607 512 βουλήν,
650 457 927 513 προσελάβετο
968 458 1094 500 αὐτόν
1137 457 1334 511 συνεργὸν
1372 459 1516 513 αὐτοῦ,
1545 463 1677 515 λέγων,

242 522 307 566 ὅτι
336 523 409 566 ἐὰν
438 523 680 580 συνδράμῃς
706 538 779 576 μοι
807 526 996 565 καθελεῖν
1035 522 1109 571 τάς
1136 522 1309 579 εἰκόνας,
1339 521 1598 580 πατριάρχην
1623 537 1708 581 αε5

242 594 359 631 ποιῶ.
416 588 487 630 καί
515 588 691 643 αἰτήσας
711 590 821 641 ,παρ’
853 589 986 630 αὐτοῦ
1013 591 1203 638 ἐξουσίαν
1231 591 1308 630 τοῦ
1334 592 1587 646 ψηλαφῆσαι
1617 590 1671 633 τὰ

242 656 485 708 ἁπανταχοῦ
500 653 656 696 παλαιοὶ
678 655 832 711 βιβλία,
861 653 966 708 ἅπερ
986 654 1226 696 α’πόκεινται
1252 657 1310 703 εἰς
1336 655 1386 696 τὰ
1415 654 1671 711 μοναστήρια

241 722 314 762 καί
338 721 396 769 εἰς
423 719 499 768 τάς
529 721 772 774 ἐκκλησίας,
799 719 1006 774 ἐπετράπη
1032 718 1138 772 μετὰ
1166 724 1238 762 καί
1264 717 1399 762 ἄλλων
1426 725 1545 764 τινῶν
1570 720 1674 764 ἀτά-

241 802 349 827 κτων
386 787 456 827 καί
494 783 775 828 ἀπαιδεύτων.
851 785 922 827 καὶ
948 784 998 839 δὴ
1041 786 1345 840 συναγαγόντες
1372 785 1512 842 πλήθη
1540 785 1674 829 πολλιὶ

239 853 411 905 βιβλίων
441 853 650 893 ἐποιοῦντο
692 852 736 892 ἐν
777 851 920 899 αὐτοῖς
947 851 1024 904 τήν
1056 849 1243 906 ἔρευναν,
1274 851 1377 906 πλὴν
1407 852 1528 894 οὐδὲν
1555 849 1729 907 nilne-10

238 933 335 958 σκον
370 915 409 958 οἱ
451 911 630 972 ἄφρονες
665 911 798 970 ὦνπερ
839 916 959 958 αὕτοί
986 914 1222 970 κακούργως
1246 915 1487 971 ἐπεζήτουν,
1516 918 1594 965 ἕως
1621 911 1670 958 οὗ

199 982 340 1034 Βμετά
371 988 520 1037 χεῖρας
548 980 698 1034 ἔλαβον
725 985 783 1040 τῷ
809 983 1010 1038 συνοδικῷ
1039 983 1356 1023 Κωνσταντίνου
1385 985 1458 1024 τοῦ
1481 982 1678 1035 'Inarime‘

182 1063 222 1096 11
238 1050 308 1090 τοῦ
347 1048 421 1090 καί
445 1050 740 1101 Καβαλλίνου,
771 1049 844 1089 καί
871 1049 916 1089 ἐκ
943 1045 1089 1089 τούτου
1118 1046 1191 1096 τοὶς
1222 1048 1360 1101 α’ρχοὶς
1385 1047 1581 1102 λαβόντες
1600 1043 1673 1102 ἥρ.

241 1117 362 1164 ’ξαντο
389 1115 461 1154 καί
487 1114 532 1155 ἐν
559 1118 644 1161 τοῖς
670 1113 845 1166 βιβλίοις
872 1113 1076 1167 εὑρίσκειν
1114 1111 1188 1160 τὰς
1212 1115 1402 1166 χρήσεις,
1432 1111 1565 1167 ἇσπερ
1595 1113 1673 1155 αὕ-

239 1178 306 1220 τοί
332 1176 528 1233 α’φρόνως
564 1180 636 1219 καί
662 1178 843 1231 α’νοὴτως
881 1181 1121 1233 προέφερον,
1153 1177 1339 1232 σημὰδια
1366 1177 1583 1231 βάλλοντες
1613 1179 1673 1227 εἰς·
1685 1197 1728 1231 15

238 1243 334 1293 τούς
372 1244 526 1294 τόπους
565 1242 670 1285 ἔνθα
707 1241 929 1299 ηὕρισκον,
957 1242 1202 1296 βουλόμενοι
1243 1251 1384 1285 πεῖσαι
1409 1243 1480 1286 τόν
1505 1241 1671 1299 ἄφρονα

238 1308 338 1351 λαὸν
367 1306 429 1351 ὅτι
454 1312 498 1351 ἐν
525 1314 718 1357 παλαιοῖς
745 1308 922 1362 βιβλίοις
951 1306 1129 1362 εὕρομεν
1156 1309 1231 1350 τοῦ
1255 1307 1314 1361 μὴ
1345 1312 1674 1363 προσκυνεῖσθαι

236 1373 314 1422 τάς
341 1372 513 1423 εἰκόνας.
569 1375 643 1415 καί
664 1373 806 1416 λοιπόν
836 1373 1070 1428 ζητούντων
1095 1373 1167 1415 καί
1193 1372 1331 1427 ἕτερον
1363 1373 1510 1428 ἔχοντα
1533 1387 1678 1428 χειρο·

238 1440 379 1482 τονιάν
410 1441 643 1496 ἐπίσκοπον,
670 1435 795 1494 εὗρον
822 1443 1149 1491 Κωνσταντῖνον,
1179 1438 1270 1482 υἱὸν
1297 1442 1586 1493 πρεσβυτέρου.
1606 1455 1673 1481 τι-

183 1519 225 1553 12
239 1503 308 1555 νός
338 1507 613 1561 τζαγγαρίου,
654 1508 725 1547 καί
750 1507 995 1558 Κασυματᾶ
1030 1503 1223 1558 μαθόντα
1260 1504 1335 1559 τὴν
1368 1502 1728 1560 γραμματικήν,ρο

238 1576 311 1615 καί
335 1575 509 1627 γέροντα
539 1571 708 1624 νομικόν
735 1574 795 1620 εἰς
820 1571 869 1613 τὰ
893 1571 1134 1627 Σφορακώυ
1164 1571 1236 1612 καί
1261 1571 1486 1622 διδάξαντα
1509 1573 1677 1625 παιδιά,’.

200 1640 311 1690 (3καί
341 1640 394 1681 δι’
423 1636 658 1693 ἐγκλήματά
690 1653 783 1679 τινα
817 1637 1004 1693 φυγόντα
1047 1639 1091 1678 ἐν
1115 1638 1378 1694 μοναστηρίῳ
1406 1637 1479 1678 καί
1502 1636 1672 1677 ἀποκειρ-

333 1770 365 1800 1.
394 1763 454 1814 ὥς]
478 1766 584 1801 τοῦτο
611 1763 662 1804 δέ,
688 1761 764 1803 dis?
881 1761 915 1795 4.
943 1761 1043 1808 αὐτῷ
1067 1761 1175 1796 Comb

239 1895 445 1931 praecursor
483 1889 519 1917 et
553 1882 689 1916 diaboli
723 1880 872 1914 adiutor.
939 1880 1024 1915 huic
1059 1880 1128 1913 sibi
1156 1885 1357 1925 assumpto,
1382 1884 1418 1913 et
1440 1878 1668 1913 consiliorum

241 1943 381 1965 suorum
404 1931 567 1977 participi
594 1931 686 1962 facto
710 1934 746 1961 et
763 1929 985 1973 cooperatori
1014 1928 1193 1968 instituto,
1220 1928 1306 1960 dicit
1331 1928 1403 1960 Leo
1430 1927 1482 1959 “si
1507 1926 1668 1958 delendis

240 1979 450 2023 imaginibus
477 1978 681 2010 auxiliarem
707 1986 846 2007 manum
868 1974 1087 2020 praebueris,
1111 1974 1343 2020 patriarcham
1362 1979 1398 2006 te
1422 1972 1668 2005 renuntiabo.''

240 2026 303 2059 ille
328 2024 552 2059 visendorum
582 2023 820 2066 undequaque
844 2027 1000 2055 veterum
1037 2021 1205 2054 librorum
1230 2032 1293 2066 per
1313 2020 1523 2052 monasteria
1550 2024 1585 2051 et
1610 2029 1668 2052 ec-

238 2072 362 2105 clesias
399 2072 631 2116 repositorum
660 2069 828 2101 facultate
853 2069 988 2114 petita,
1014 2079 1091 2100 cum
1116 2068 1196 2100 aliis
1222 2065 1431 2112 quibusdam
1455 2066 1583 2098 mentis
1608 2065 1666 2098 in-

238 2119 454 2164 compositae
483 2124 520 2150 et
544 2116 724 2149 illiteratis
754 2115 954 2155 comitibus,
980 2114 1077 2159 quod
1103 2115 1266 2159 petierat,
1292 2113 1504 2157 impetravit.
1552 2112 1666 2145 colle-

237 2171 291 2198 cta
318 2166 439 2210 itaque
463 2163 634 2196 librorum
659 2163 827 2194 immensa
851 2161 1082 2194 multitudine
1107 2171 1252 2193 examen
1278 2159 1321 2192 de
1344 2159 1418 2191 illis
1443 2158 1668 2191 habuerunt:

235 2223 356 2245 verum
391 2222 510 2244 eorum
547 2220 638 2254 quae
674 2209 840 2252 nequiter
866 2208 1108 2254 exquisierant
1143 2206 1234 2239 nihil
1258 2207 1400 2252 penitus
1424 2204 1665 2250 imprudentes

238 2263 454 2304 repererunt,
479 2257 592 2289 donec
616 2257 654 2288 in
677 2266 800 2288 manus
824 2256 920 2288 venit
948 2253 1100 2298 synodus
1138 2253 1200 2286 sub
1228 2252 1461 2285 Constantino
1486 2253 1604 2284 isauro
1630 2255 1668 2284 et

236 2305 421 2338 Caballino
453 2302 596 2342 habita,
629 2314 671 2335 ex
706 2312 775 2346 qua
808 2302 992 2334 occasione
1024 2305 1166 2344 accepta
1199 2304 1394 2344 coeperunt
1418 2299 1454 2331 in
1480 2298 1577 2331 libris
1603 2309 1666 2330 au-

238 2352 420 2384 ctoritates
457 2350 638 2390 iuvenire,
675 2359 760 2394 quas
786 2348 911 2391 synodi
939 2353 1098 2380 auctores
1129 2346 1371 2390 imprudenter
1394 2351 1430 2378 et
1457 2345 1667 2388 insipienter
1692 2378 1698 2383 ,

237 2397 503 2443 depromebant.
555 2395 683 2428 deinde
708 2395 812 2437 signis
838 2394 880 2427 ad
905 2395 981 2427 loca
1007 2397 1143 2438 reperta
1169 2393 1340 2437 appositis
1369 2392 1562 2436 simplicem
1589 2396 1665 2423 tur-

235 2444 318 2477 bam
345 2443 514 2477 seducere
543 2443 659 2476 moliti
689 2446 782 2480 sunt,
808 2441 963 2474 dicentes
989 2445 1055 2473 “ex
1085 2440 1264 2471 veteribus
1292 2439 1391 2471 libris
1417 2449 1488 2471 nun
1514 2437 1665 2478 adoran-

237 2491 298 2523 das
322 2491 489 2534 imagines
514 2489 738 2534 reperimus.''
787 2489 947 2521 examine
974 2485 1196 2532 postmodum
1221 2485 1356 2526 habito,
1385 2484 1415 2518 si
1441 2495 1546 2529 quem
1571 2483 1668 2516 ordi-

236 2538 340 2570 nibus
365 2537 571 2580 insignitum
589 2546 698 2580 penes
718 2546 753 2566 se
781 2536 1079 2573 nanciscerentur,
1100 2533 1302 2577 episcopum
1329 2535 1535 2576 repererunt
1553 2541 1667 2575 quen-

237 2583 317 2616 dam
343 2584 626 2623 Constantinum,
650 2581 845 2626 presbyteri
871 2581 1000 2614 sutoris
1034 2579 1166 2619 fllium,
1193 2585 1228 2612 et
1257 2579 1468 2611 Cazimatam
1497 2587 1666 2620 gramma-

236 2631 328 2662 ticae
354 2631 600 2675 professorem,
626 2635 662 2662 et
686 2628 929 2672 legisperitum
962 2626 1138 2672 quendam
1163 2625 1206 2657 ad
1234 2625 1391 2658 Phoracii
1417 2622 1522 2657 aedes
1548 2623 1664 2656 diver-

237 2682 372 2709 santem
397 2675 687 2719 ludimagistrum,
709 2674 776 2720 'qui
802 2674 986 2706 criminum
1011 2672 1079 2706 sibi
1104 2671 1324 2705 obiectorum
1349 2681 1499 2715 poenam
1525 2669 1663 2712 fugiens

237 2723 275 2756 in
298 2723 550 2757 monasterium
590 2723 798 2762 diverterat,
835 2726 871 2753 et
896 2721 1067 2754 detonsus
1091 2729 1219 2751 nomen
1247 2722 1480 2762 assumpserat
1505 2715 1663 2754 Antonii,
