1838 3132
222 148 287 199 94
633 135 862 210 [LEOle
904 138 1295 212 GRAMMA‘rmi]
1359 204 1361 206 ,

215 255 688 308 Κωνσταντινουπόλει,
716 255 790 296 καί
813 255 939 310 ἐτέθη
966 253 1071 297 ἔνθα
1091 258 1165 298 καί
1183 255 1229 298 τὸ
1254 258 1472 313 Ἰοβιανοῦ,
1507 262 1552 303 ἐν
1582 261 1692 318 λάρ-

211 339 310 366 νακι
339 324 552 379 πορφυρῷ
579 322 891 375 κυλινδροειδεῖ
915 320 1020 375 μετὰ
1035 322 1201 378 Ἑλένης
1222 323 1435 378 θυγατρὸς
1457 329 1691 371 Κωνσταν-

213 392 330 432 τίνου
363 389 438 430 καί
465 382 665 443 γυναικὸς
704 388 856 429 αὐτοῦ.
928 391 1001 442 τῆς
1036 390 1082 431 δὲ
1113 391 1336 444 ἐκκλησίας
1368 392 1460 434 τότε
1489 394 1561 435 ἐπὶ
1584 394 1691 437 Ἰου-

215 456 364 498 λιανοῦ
390 457 468 496 τοῦ
496 453 751 509 παραβάτου
789 453 956 509 ἐκράτει
984 455 1188 506 Εὐδόξιος
1214 457 1451 511 Ἀρειανός.
1485 461 1697 503 Κωνστα-

212 522 305 565 τίου
332 519 661 574 τελευτήσαντος
688 518 929 569 Ἰουλιανός
956 520 1230 576 μονοκράτωρ
1261 522 1484 577 γενόμενος
1511 525 1730 576 α’ναιδαῖςδ

214 586 418 643 ἐλλήνιζε,
446 586 517 630 καί
555 584 599 628 τὸ
628 582 746 641 ἅγιον
786 586 1009 639 βάπτισμα
1040 588 1191 641 αἵματι
1217 591 1384 632 θυσιῶν
1414 591 1696 638 ἄπεπλὺνατο.

217 657 424 708 Εὕσὲβιον
464 655 634 708 πρῶτον
676 651 748 695 τὸν
791 653 1007 707 βασίλειον
1034 655 1241 710 εὐνοῦχον
1269 657 1436 698 α’νεῖλεν
1463 654 1523 706 ὥς
1550 657 1698 714 ἀδικη-

216 720 303 776 τὴν,
332 722 411 763 τοῦ
438 719 604 762 δικαίου
629 720 759 774 δῆθεν
782 717 905 771 δόξαν
924 718 1183 775 θηρώμενος.
1215 723 1361 773 ἐδίωξε
1380 725 1428 765 δὲ
1445 722 1519 764 καί
1535 722 1699 773 πάντας

217 786 453 841 εὐνούχους
491 787 569 829 τοῦ
597 788 806 828 παλατιόυ
838 785 908 828 διὰ
949 787 997 828 τὸ
1030 788 1106 828 καί
1131 786 1208 842 τὴν
1236 788 1423 844 γαμετὴν
1451 790 1695 843 ἀποβαλεῖν,

218 852 289 895 διὰ
321 852 366 895 τὸ
417 848 527 894 εἶναι
568 851 759 909 α’δελφὴν
788 855 1140 906 Κωνσταντίνου,
1179 855 1294 907 μίσει
1326 857 1385 913 τῷ
1415 855 1522 910 πρὸς
1550 855 1695 898 αὐτόν.
1712 862 1756 897 10

217 917 326 978 οἷλλὰ
359 920 434 962 καί
456 919 690 973 μαγείρους
719 917 792 960 καί
821 924 1001 973 κουρεῖς,
1032 921 1077 960 ἐκ
1108 920 1155 961 δὲ
1184 921 1260 961 τοῦ
1290 921 1499 975 δημοσίου
1533 920 1696 978 δρόμου

218 985 435 1040 καμήλους
464 983 570 1039 βόας
612 980 731 1034 ὅνους
756 987 828 1026 καί
858 983 1060 1040 ἡμιόνους
1079 1003 1089 1013 ·
1145 986 1304 1039 μόνους
1333 988 1382 1029 δὲ
1414 987 1513 1037 τούς
1541 989 1700 1037 ἵππους

217 1055 274 1109 τῷ
306 1053 495 1110 δημοσίῳ
539 1050 684 1109 δρόμῳ
728 1052 963 1106 ὑπουργεῖν
1000 1052 1316 1109 συνεχώρησεν.
1390 1051 1412 1094 ὅ
1445 1053 1576 1103 αὐτὸς
1606 1055 1702 1096 's'vo-z‘

216 1120 454 1174 μοθέτησεν
493 1116 550 1174 μη
585 1119 783 1172 μετέχειν
823 1115 1113 1173 Χριστιανούς
1144 1116 1393 1174 Ἑλληνικῶν
1416 1118 1698 1174 μαθημάτων.

213 1183 536 1238 Ἀπολλινάριος
567 1187 615 1227 δὲ
642 1185 691 1241 τῇ
713 1187 793 1238 μὲν
821 1184 919 1243 θεία
937 1187 1086 1241 γραφῇ
1114 1181 1194 1242 ὕλῃ
1222 1187 1506 1242 χρησάμενος,
1531 1187 1698 1228 πάντων
1713 1189 1757 1223 1⁵

220 1252 269 1294 δὲ
299 1254 485 1307 ποιητῶν
529 1252 629 1300 τούς
667 1253 942 1306 χαρακτῆρας
983 1250 1279 1306 μιμησάμενος
1298 1287 1309 1306 ,
1339 1250 1503 1307 ἔγραψε
1531 1255 1610 1294 τοῦ
1641 1253 1698 1294 δι’

221 1317 367 1360 αὐτῶν
410 1315 697 1359 παιδεύεσθαι
734 1317 1035 1372 Χριστιανούς.
1114 1313 1356 1366 Ἰουλιανός
1397 1319 1445 1360 δὲ
1481 1321 1700 1371 μαντείαις

219 1383 295 1426 καί
321 1385 495 1434 θυσίαις
525 1382 599 1424 καί
628 1381 846 1436 δαιμόνων
874 1382 1055 1432 ἀπάταις
1085 1383 1357 1439 φραξάμενος
1385 1382 1495 1426 κατὰ
1513 1385 1700 1438 Περσῶν

220 1448 525 1505 ἐστράτευσεν,
566 1445 632 1491 ὅτε
674 1451 750 1491 καί
777 1448 972 1505 χρησμὸν
1010 1452 1177 1504 λέγεται
1215 1452 1362 1503 λαβεῖν
1389 1448 1542 1504 ἔχοντα
1567 1447 1700 1499 οὕτως

220 1518 323 1559 “νῦν
361 1518 409 1560 δὲ
437 1516 586 1565 πάντες
626 1515 889 1571 ὡρμήθημεν
929 1518 1025 1558 θεοί
1058 1517 1173 1571 νίκης
1207 1514 1393 1571 τρόπαια
1437 1517 1756 1569 κομίσασθαι20

218 1583 319 1639 περὶ
347 1585 456 1639 θηρί
483 1585 685 1640 ποταμῷ·
752 1586 838 1624 τῶν
879 1584 928 1626 δὲ
956 1581 1037 1637 ἐγώ
1069 1582 1349 1638 ἡγεμονεύσω,
1381 1585 1541 1636 θοῦρος
1569 1587 1699 1626 πολε-

219 1649 423 1707 μόκλρνος
447 1645 594 1705 ’Ἁρης

318 1774 442 1857 ἔτιτιὲῦ
466 1774 492 1808 C
549 1821 593 1854 ‘²1
618 1770 761 1857 laivvi?
783 1774 855 1821 μὲν
878 1776 990 1811 θείαν
1005 1772 1165 1822 γραφὴν
1192 1772 1541 1822 ὑληχρησιὶμενοςΟ
1640 1773 1695 1807 19.

222 1933 398 1967 Helenam
424 1944 573 1966 uxorem
589 1958 599 1974 ‚
645 1932 875 1966 Constantini
906 1931 1030 1965 filiam.
1093 1931 1159 1966 sub
1185 1932 1329 1966 Iuliano
1357 1936 1522 1977 apostata
1545 1931 1697 1965 ecclesia

221 1981 362 2027 potitus
388 1985 444 2014 est
470 1979 654 2014 Eudoxius
681 1981 842 2014 Arianus.
903 1985 1045 2013 mortuo
1072 1979 1288 2014 Constantio
1312 1979 1477 2013 Iulianus
1501 1979 1699 2024 imperator

223 2028 339 2061 factus
373 2027 607 2073 impudenter
647 2038 794 2072 graecos
836 2037 954 2060 mores
992 2031 1147 2060 sectatus
1179 2032 1234 2060 est
1265 2031 1303 2060 et
1330 2030 1494 2059 sanctum
1517 2025 1698 2072 baptisma

224 2075 480 2109 sacrificiorum
509 2075 682 2119 sanguine
708 2074 810 2108 eluit.
860 2073 1055 2107 Eusebium
1083 2074 1237 2119 primum
1263 2073 1470 2107 eunuchum
1495 2074 1630 2118 regium
1656 2077 1699 2106 ut

223 2127 357 2157 sortem
394 2132 521 2156 necare
549 2121 673 2161 iussit,
712 2121 887 2155 iustorum
928 2121 1067 2155 scilicet
1102 2121 1251 2165 gloriam
1287 2130 1521 2167 persequens.
1571 2131 1698 2153 omnes

222 2173 412 2215 praeterea
438 2169 564 2214 palatii
594 2168 780 2202 eunuchos
810 2168 917 2202 eiecit
944 2169 991 2202 ob
1020 2167 1249 2214 repudiatam
1277 2178 1295 2199 a
1340 2178 1377 2200 se
1393 2177 1564 2208 uxorem,
1589 2177 1698 2213 quam

225 2215 325 2263 quod
351 2216 580 2249 Constantini
607 2227 708 2248 soror
735 2220 821 2258 erat,
851 2215 938 2248 odio
964 2215 1064 2249 illius
1089 2214 1237 2248 dimisit.
1268 2215 1358 2248 item
1387 2225 1521 2260 coquos
1548 2218 1586 2247 et
1610 2219 1697 2248 ton-

227 2274 349 2304 sores,
384 2269 421 2297 et
454 2275 499 2296 ex
530 2262 679 2308 publico
715 2274 819 2295 cursu
844 2263 1024 2304 camelos,
1050 2261 1178 2302 boves,
1205 2261 1323 2294 asinos
1349 2261 1539 2307 mulasque
1570 2261 1697 2304 eiecit3

226 2311 324 2344 solos
349 2321 463 2355 equos
489 2310 638 2355 publico
666 2311 744 2343 usui
771 2311 942 2344 inservire
966 2310 1061 2344 sivit.
1115 2308 1210 2342 idem
1238 2308 1355 2352 legem
1382 2308 1480 2349 tulit,
1504 2318 1551 2341 ne
1578 2308 1699 2353 parti-

226 2358 325 2402 cipes
360 2357 489 2391 fierent
514 2356 710 2390 Christiani
745 2368 949 2402 graecarum
983 2357 1198 2391 litterarum.
1249 2360 1327 2389 tum
1354 2355 1611 2400 Aponium-ius,
1639 2365 1698 2388 sa-

226 2416 283 2437 cra
308 2404 485 2450 scriptura
511 2415 594 2438 usus
621 2415 745 2438 omnes
768 2410 895 2450 poetas
918 2405 1079 2438 imitatus
1097 2408 1164 2445 est,
1192 2402 1325 2449 quibus
1349 2401 1578 2436 erudirentur
1590 2401 1697 2436 Chri-

228 2452 349 2485 stiani.
410 2451 572 2485 Iulianus
611 2451 950 2492 vaticinationibus,
975 2450 1155 2485 sacrifieiis
1180 2454 1219 2483 et
1242 2449 1392 2483 deorum
1418 2448 1609 2483 fraudibus
1634 2449 1696 2482 in·

227 2498 357 2532 ductus
393 2504 519 2532 contra
542 2499 663 2533 Persas
687 2499 872 2544 profectus
899 2504 970 2540 est,
992 2503 1184 2544 postquam
1212 2496 1282 2530 hoc
1306 2497 1489 2530 oraculum
1513 2495 1695 2542 accepisse

227 2544 379 2578 dicitur:
408 2551 531 2579 “nunc
556 2557 681 2579 omnes
707 2547 925 2579 surreximus
953 2546 1017 2587 dii,
1042 2551 1083 2579 ut
1105 2545 1276 2579 victoriae
1292 2544 1446 2590 insignia
1470 2543 1541 2578 tibi
1568 2542 1696 2578 trada-

227 2602 325 2635 mus;
353 2592 425 2626 dux
454 2604 515 2627 ero
546 2604 630 2638 ego,
660 2592 761 2627 fortis
788 2599 825 2627 et
851 2593 1049 2628 bellicosus
1074 2592 1179 2626 Mars.
