1806 3158
306 675 941 740 IMMANUELIS
1000 653 1427 738 BEKKERI

564 824 602 871 P
637 824 677 872 R
713 824 748 870 A
784 823 820 870 E
854 825 885 870 F
922 822 959 870 Α
993 823 1031 870 Τ
1062 825 1081 871 Ι
1118 824 1176 872 Ο.

130 1090 330 1152 Leonis
363 1102 669 1168 grammatici
703 1111 893 1167 partem
931 1120 1039 1151 eam
1087 1119 1214 1166 quae
1262 1119 1290 1149 a
1321 1120 1371 1166 p.
1395 1106 1490 1150 207
1543 1100 1606 1148 ad

129 1210 224 1256 331
264 1208 496 1272 pertinet,
531 1207 873 1272 postGoarum
888 1206 1213 1255 Combefisius
1236 1207 1410 1270 edidit,
1443 1208 1607 1255 Theo-

129 1306 307 1371 phanis
350 1307 424 1353 sui
457 1324 507 1370 p.
532 1304 819 1356 443—510.
897 1308 1100 1355 alteram
1140 1324 1299 1371 nuper
1334 1307 1606 1355 admodum

131 1406 166 1451 Ι.
203 1404 257 1451 A.
297 1404 552 1452 Cramerus
593 1405 802 1468 adiecit,
830 1395 1199 1453 Anecdotorum
1246 1406 1544 1453 Graecorum
1580 1424 1606 1452 c

130 1503 387 1552 codicibus
420 1506 764 1569 manuscriptis
797 1482 1130 1552 bibliothecae
1151 1506 1327 1570 Regiae
1361 1506 1606 1553 Parisien-

130 1603 195 1650 sis
231 1607 262 1652 2
292 1621 343 1669 p.
360 1600 646 1652 243—379.
686 1605 773 1668 qui
808 1605 875 1652 ita
908 1605 1151 1669 praefatus
1187 1614 1271 1652 est.

397 1705 533 1752 Hanc
567 1703 816 1768 Anonymi
862 1705 1338 1770 chronographiam,
1382 1723 1530 1770 quam
1581 1723 1606 1751 e

403 1803 577 1852 codice
635 1802 734 1852 854
779 1804 809 1852 f.
861 1807 961 1853 328
1007 1822 1057 1866 r„
1091 1804 1413 1870 deprompsi,
1456 1806 1608 1852 Leoni

400 1904 720 1967 grammatico
767 1904 941 1952 tribuit
975 1905 1180 1969 catalogi
1214 1904 1490 1966 confector,
1523 1905 1610 1951 sed

403 2020 691 2068 perperam,
738 2003 912 2051 credo:
959 2021 1073 2052 nam
1128 2021 1185 2052 ea
1228 2013 1367 2069 parte
1418 2013 1607 2052 tantum

403 2103 567 2166 operis
591 2120 778 2150 nomen
795 2103 974 2151 Leonis
1000 2113 1256 2169 comparet
1291 2121 1419 2168 quae
1442 2105 1609 2168 sequi-

398 2211 478 2249 tur
497 2211 724 2267 tempora
761 2220 976 2266 quorum
999 2205 1197 2251 annales
1222 2203 1432 2251 confecit
1448 2204 1611 2250 Theo-

404 2301 607 2365 phanes,
623 2303 811 2350 ethaeo
830 2304 943 2350 satis
970 2304 1248 2367 congruunt
1273 2320 1385 2350 cum
1411 2303 1468 2349 iis
1485 2319 1612 2366 quae

403 2395 499 2448 sub*
529 2402 631 2449 eius
649 2403 825 2449 Leonis
859 2403 1062 2450 nomine
1099 2403 1149 2450 in
1164 2402 1383 2466 Corpore
1418 2403 1611 2466 Byzant.

402 2499 576 2565 Script.
611 2503 803 2566 vulgata
836 2512 962 2549 sunt.
1046 2503 1144 2549 hoc
1181 2502 1453 2549 chronicon
1491 2502 1612 2547 mihi

407 2598 600 2648 videtur
634 2617 737 2648 esse
773 2602 1051 2649 consectum
1097 2618 1152 2647 ex
1186 2600 1328 2647 variis
1359 2601 1613 2663 scriptori-

407 2697 515 2759 bus,
540 2697 781 2761 Cedreno,
808 2701 991 2747 Ioanne
1009 2699 1338 2761 Antiochen0‚
1374 2699 1611 2745 chronico
