1838 3132
279 142 377 192 478
596 174 597 177 η
706 171 708 174 -
834 149 1167 189 EUSTATHIUS
1186 183 1190 186 .

278 247 531 303 βαλλόμενος
558 248 616 297 εἰς
643 245 890 301 α’ποκρυφὴν
927 249 1000 288 καί
1026 247 1254 289 ἀναίδειαν.
1313 246 1337 300 ἦ
1364 250 1440 300 μὲν
1467 248 1546 304 γάρ
1575 247 1712 304 ἡμέρα

278 311 366 368 εἶχέ
396 329 434 356 τι
454 315 626 369 σῶφρον
655 313 740 354 δέει
766 314 850 353 τῶν
869 308 1172 366 ὑπερεχόντων,
1206 312 1228 366 ἦ
1259 313 1304 354 δὲ
1332 314 1404 363 νὺξ
1433 314 1713 370 ἐπαρρησίαζε

279 378 332 422 τοὶ
357 379 414 434 μή
444 375 552 421 ὅσια.
626 372 678 432 ἧν
712 376 775 426 τίς
803 391 902 418 ποτε
931 378 1002 418 καί
1027 374 1070 426 ὃς
1100 377 1226 432 ῥάκος
1261 376 1449 433 εὑρηκώς
1479 395 1715 436 παρερριμ-

278 449 402 499 μένον
428 460 509 485 που
547 443 865 498 α’ποκαθημένης
902 443 1030 496 τυχὸν
1049 460 1053 465 ·
1070 440 1097 496 ἢ
1125 445 1197 485 καί
1224 445 1408 496 α’λλοῖον,
1439 444 1596 494 ὁποίοις
1618 449 1714 488 πολ.

280 517 366 560 λοΐς
413 508 451 551 οἱ
489 508 696 564 λεωφόροι
725 511 1050 561 κατέστρωνται,
1080 511 1151 550 καί
1188 509 1322 562 συχνὰ
1355 513 1526 552 τοιαῦτα
1570 522 1750 565 σομε-5

281 574 466 630 κρουκώς
493 575 551 623 εἰς
582 571 744 629 ῥαφήν,
777 571 832 622 ὥς
860 571 963 627 εἶχε,
993 575 1064 616 καί
1090 577 1251 616 λεντίου
1280 576 1432 629 τρόπον
1459 574 1719 618 συσκευασιὶ.

280 657 414 696 μενος,
441 636 553 681 α”κων
581 635 705 694 ἤθελε
731 637 804 693 τήν
828 640 1018 695 ἀσυνήθη
1047 642 1304 694 περιστολήν.
1361 637 1480 682 ἄλλοι
1507 643 1719 694 amasim.

281 725 334 749 τα
364 709 463 760 ἐρεοῖ
492 707 691 758 μαδῶντα
721 706 1023 758 ἐξευρίσκοντες
1065 706 1136 747 καί
1161 706 1426 759 ε’ναπτόμενοι
1455 709 1613 748 κοιλίαν
1638 709 1718 760 μὲν

281 775 351 814 καί
377 771 504 827 ῥάχιν
546 773 616 812 καί
640 770 691 813 τοὶ
724 773 940 826 κατωτέρω
968 770 1159 825 ἔσκεπον,
1193 770 1343 829 σχοίνῳ
1372 773 1516 830 σαθρᾷ
1543 775 1614 814 καὶ
1638 773 1719 829 ῥυ,-

280 840 394 895 napo}
422 840 472 894 τῇ
512 838 556 878 ἐκ
595 837 778 893 φιλύρας
816 832 840 891 ἢ
873 837 1036 878 τοιοῦὸέ
1061 853 1170 886 τινος
1216 836 1560 894 περιζωσάμενοι,
1589 837 1642 880 τὰ
1669 839 1718 880 δὲ
1734 844 1776 879 10

280 903 403 946 λοιπὰ
439 907 483 945 ἐν
527 905 619 959 χρῷ
646 908 732 944 κατ’
774 901 905 956 αὐτὴν
936 903 1068 956 σάρκα
1095 905 1151 960 τῷ
1180 903 1270 956 α’έρι
1301 901 1521 956 γινόμενοι.
1555 902 1720 957 ιὶματι-

280 972 429 1022 σμένον
471 970 517 1010 δέ
557 985 650 1010 τινα
686 970 789 1010 ἰδεῖν
830 968 874 1010 τό
923 966 1015 1009 ὅλον
1056 965 1200 1022 ὅμοιον
1240 965 1290 1023 ἦν
1326 967 1381 1016 ὥς
1421 970 1460 1010 εἰ
1500 969 1573 1011 καί
1610 968 1720 1025 ρ’ἦγα

280 1032 390 1077 εἶδεν
444 1032 470 1089 ἢ
513 1030 637 1076 ἄλλον
679 1030 812 1087 ἄνδρα
857 1033 1158 1089 λαμπρότητος.
1225 1034 1394 1088 πόρναις
1441 1035 1590 1088 μόναις
1630 1039 1722 1079 ἐνέ-

282 1107 419 1154 λαμπε
461 1100 609 1148 κάλλος
646 1099 874 1151 ἱματισμοῦ
885 1135 895 1156 ‚
926 1102 976 1142 αἳ
999 1107 1082 1149 τοῖς
1125 1099 1250 1154 ἱεροῖς
1277 1099 1548 1152 πεπλώμασιν
1579 1102 1722 1156 ἤγλαῖι

283 1170 429 1220 ζοντο,
460 1166 697 1221 εὕπάρυφοι
729 1172 813 1214 τοῖς
840 1173 1011 1218 μιαροῖς
1039 1169 1232 1220 ἐρασταῖς
1260 1167 1621 1222 παρομαρτοῦσαι,
1652 1168 1722 1209 καί
1735 1175 1777 1208 15

281 1235 516 1287 βλεπόντων
553 1231 671 1285 ἡμῶν
700 1230 1085 1286 παρρησιαζόμεναι
1120 1229 1192 1285 τὴν
1218 1229 1438 1286 ἁμαρτίαν,
1466 1231 1539 1273 καί
1564 1249 1723 1286 συγκα-

282 1297 591 1355 ταχορεόουσαι
623 1293 659 1337 αἲ
686 1292 903 1338 κᾶνταῦθα
929 1299 1050 1345 θείας
1070 1295 1235 1350 οἷνοχῆς.
1294 1295 1410 1338 aba}
1435 1297 1618 1352 ’aemulat'
1639 1303 1723 1347 τοῖς

282 1367 370 1420 μὲν,
396 1364 579 1405 πλείοσιν
606 1358 711 1417 ἦσαν
736 1362 1086 1417 α’κατακιὲλυπτοι,
1116 1364 1196 1403 ταῖν
1213 1364 1412 1404 Λατίνων
1433 1359 1542 1403 οὕτω
1569 1378 1725 1418 σκευῳ-

286 1430 518 1486 ρησάντων,
558 1429 615 1476 ὥς
656 1425 708 1469 ἂν
749 1426 915 1481 ἔχοιμεν
953 1426 999 1469 τὸ
1032 1428 1268 1480 ὁμόστολον.
1336 1429 1408 1469 καί
1432 1429 1658 1480 τοῦτομὲν
1684 1426 1723 1470 οἱ

286 1498 507 1549 δυνάμενοι
533 1492 741 1547 ἔπασχον·
771 1492 885 1542 ὅσοις
916 1495 959 1535 δὲ
989 1491 1040 1535 τὰ
1068 1495 1136 1548 τῆς
1162 1495 1347 1549 κεφαλῆς
1376 1489 1449 1535 οὔκ
1476 1490 1586 1548 εἶχεν
1612 1495 1721 1536 α’πα-
1734 1505 1780 1540 20

284 1563 404 1615 θῶς,
450 1561 542 1601 ἀλλ’
583 1558 665 1601 ἔδει
709 1558 1081 1615 κατακεκαλόφθαι
1120 1557 1247 1609 αὐτὰς
1298 1557 1367 1600 διὰ
1405 1558 1448 1601 τὸ
1483 1555 1723 1616 ἄρρωστον,

286 1629 376 1669 ἀλλ’
406 1625 561 1675 αότοὺς
599 1629 763 1680 βλέπων
791 1642 854 1674 τις
882 1631 1074 1675 παντοῖος
1101 1622 1153 1667 ἂν
1190 1624 1267 1680 τήν
1305 1625 1436 1680 λύπην
1466 1628 1636 1681 γένοιτο,
1673 1628 1724 1684 τῇ

287 1694 467 1750 ποικιλίᾳ
498 1694 581 1734 τῶν
621 1695 885 1745 βλεπομένων
926 1690 1327 1745 συμπεριαγόμενος.
1391 1697 1511 1733 πῖλον
1537 1695 1614 1745 μὲν
1640 1691 1720 1747 γάρ

379 1798 411 1831 2.
438 1796 471 1846 ἡ]
498 1796 540 1831 οὗ
566 1798 598 1831 Τ

286 1904 434 1950 quippe,
459 1905 521 1950 qui
539 1904 612 1937 illis
631 1905 856 1938 insultarent.
882 1904 1048 1948 ingruens
1077 1916 1159 1938 vero
1185 1916 1332 1951 vespera
1357 1906 1520 1938 immania
1546 1903 1721 1950 patrabat,

286 1950 443 1984 tenebris
465 1951 508 1984 ad
526 1951 675 1984 celanda
707 1951 841 1994 flagitia
875 1951 1169 1996 excitandamque
1198 1952 1456 1997 impudicitiam
1476 1953 1618 1985 offusis.
1646 1951 1721 1984 dies

286 1998 382 2031 enim
398 1998 606 2031 modestiam
622 1998 799 2043 quandam
818 2003 913 2031 metu
930 1999 1148 2043 superiorum
1167 1999 1386 2043 iniungebat,
1402 2010 1475 2032 nox
1487 1997 1641 2031 nefanda
1657 1998 1722 2030 ad-

284 2044 461 2078 mittebat.
487 2050 598 2085 erant,
618 2045 681 2089 qui
700 2045 836 2077 laciniis
852 2046 958 2078 vestis
979 2045 1122 2078 attritae
1143 2045 1296 2091 aliisque
1316 2046 1456 2091 pannis,
1484 2044 1613 2091 quibus
1641 2045 1721 2078 viae

284 2091 451 2136 publicae
466 2092 538 2124 fere
555 2092 691 2125 obsitae
708 2097 789 2124 sunt
806 2092 1012 2137 conquisitis
1041 2098 1088 2132 et,
1102 2097 1142 2125 ut
1159 2092 1298 2133 licebat,
1321 2092 1477 2125 consutis
1506 2092 1616 2137 inque
1642 2102 1719 2124 mo-

285 2138 368 2171 dum
386 2139 490 2172 lintei
514 2139 736 2183 comparatis,
763 2139 866 2171 inviti
890 2144 1100 2183 usurparent
1116 2141 1280 2172 amictum
1300 2139 1494 2172 insolitum.
1521 2138 1583 2171 alii
1605 2139 1721 2184 parti-

284 2185 381 2218 culas
398 2185 502 2218 lanae
519 2195 621 2228 vagas
645 2185 810 2218 collectas
830 2191 865 2218 et
881 2185 1086 2219 coniunctas
1111 2185 1237 2226 ventri,
1253 2186 1377 2230 spinae
1399 2191 1434 2218 et
1445 2186 1537 2229 parti
1565 2186 1721 2230 corporis

283 2232 445 2265 inferiori
462 2231 738 2272 circumdabant,
755 2232 839 2265 fune
856 2231 1011 2265 marcido
1031 2237 1067 2265 et
1082 2231 1224 2265 sordido
1239 2232 1383 2265 tiliaceo
1401 2232 1516 2265 aliove
1532 2231 1638 2264 simili
1657 2230 1721 2264 ad-

283 2279 438 2319 strictas,
476 2279 649 2323 reliquum
674 2289 800 2323 corpus
824 2278 959 2311 nudum
985 2285 1021 2312 et
1052 2284 1213 2324 apertum
1244 2278 1435 2311 habebant.
1486 2279 1578 2312 iuste
1602 2283 1720 2311 autem

283 2326 441 2370 aliquem
466 2326 630 2358 vestitum
655 2336 796 2358 cernere
820 2326 926 2370 plane
953 2331 1038 2365 erat,
1064 2337 1105 2358 ac
1127 2327 1155 2358 si
1181 2336 1294 2370 regem
1324 2326 1380 2358 vel
1407 2325 1516 2358 alium
1541 2325 1721 2359 hominem

283 2372 454 2406 illustrem
479 2371 629 2405 videres.
678 2372 713 2404 iu
731 2373 817 2405 solis
838 2373 962 2406 scortis
989 2371 1201 2418 splendebat
1237 2373 1354 2405 cultus
1390 2373 1561 2413 vestium,
1586 2372 1722 2417 quippe

284 2430 376 2464 quae
407 2419 625 2452 vestimentis
667 2419 772 2451 sacris
808 2421 986 2460 niterent,
1028 2419 1215 2464 limbisque
1250 2419 1399 2451 decorae
1436 2430 1514 2451 cum
1555 2417 1720 2464 turpibus

284 2465 454 2499 adulteris
479 2465 758 2499 consuescebant
782 2471 818 2498 et
843 2467 881 2499 in
907 2471 1097 2511 conspectu
1128 2471 1250 2499 nostro
1275 2465 1444 2510 flagitium
1468 2464 1720 2505 admittebant,

284 2517 360 2545 tum
389 2523 532 2559 quoque
558 2512 699 2546 divinae
723 2513 931 2546 insultantia
960 2512 1165 2557 patientiae.
1232 2513 1349 2557 capita
1378 2512 1557 2557 plerisque
1583 2511 1720 2545 civibus

285 2561 417 2604 intecta
443 2565 552 2600 erant,
579 2559 713 2592 Latinis
745 2559 834 2592 hanc
859 2571 974 2593 curam
1002 2559 1223 2604 gerentibus,
1253 2565 1292 2592 ut
1318 2559 1425 2592 simili
1450 2569 1568 2592 secum
1592 2558 1719 2592 habitu

284 2611 471 2638 uteremur.
522 2612 627 2651 atque
652 2606 720 2639 hoc
743 2605 884 2651 quidem
914 2606 1048 2639 robusti
1071 2606 1319 2650 patiebantur3
1360 2605 1489 2651 quihus
1513 2610 1630 2639 autem
1658 2615 1718 2637 ca-

283 2657 348 2696 put
385 2664 505 2697 parum
540 2652 695 2685 validum
728 2658 764 2686 et
788 2659 933 2699 propter
960 2653 1201 2686 infirmitatem
1238 2652 1431 2696 tegendum
1455 2657 1542 2692 erat,
1567 2662 1626 2685 eos
1654 2651 1717 2696 qui

283 2699 421 2732 videret
455 2700 550 2733 vario
588 2700 683 2733 luctu
709 2698 873 2741 deflebat,
899 2712 962 2744 pro
989 2700 1160 2734 varietate
1196 2700 1326 2744 speciei
1351 2699 1515 2743 agitatus.
1565 2708 1719 2743 namque
