1838 3132
256 149 348 196 152
512 204 517 208 ⁴
638 137 870 210 [LEoNJs
911 137 1296 210 GRAMMAnm]
1713 147 1720 165 ¹

248 252 367 310 ἥλιον
399 253 471 297 καὶ
510 253 682 309 σελήνην
723 253 1046 310 κατεσκεύασεν,
1076 256 1148 296 καί
1189 254 1385 309 α’γγέλους
1414 254 1698 308 περιεστῶτας

249 322 377 378 αὐτῷ,
410 323 483 363 καί
517 319 696 375 βροντὴν
741 320 810 361 διὰ
841 322 1031 375 μηχανῆς
1073 320 1276 374 γίνεσθαι,
1307 317 1380 361 καί
1403 321 1571 374 βρέχειν
1598 316 1698 362 ὅταν

247 386 497 442 θελήσειαν·
551 383 657 441 ἅπερ
689 384 711 427 ὅ
741 387 942 439 βασιλεύς
982 387 1041 436 εἰς
1067 389 1144 440 γῆν
1168 387 1460 439 καταστρέψας
1489 384 1697 440 κονιορτόν

248 453 484 495 ἀπετέλεσε.
549 454 683 494 ταῦτα
715 454 761 493 δὲ
789 452 1008 508 Σάρβαρος
1045 453 1089 494 ἐν
1115 452 1165 508 τῇ
1187 451 1409 504 Ῥωμαίων
1435 452 1488 508 γῇ
1515 451 1696 500 οἰκούσας

247 519 404 574 γράφει
443 517 549 572 πρὸς
570 516 818 572 ζΙίράκλειον
861 519 1113 571 ἀπολογίαν,
1152 515 1207 567 ὥς
1247 516 1312 559 ὅτι
1344 519 1425 571 ου’χ
1450 514 1555 558 ἑκών
1587 513 1730 558 ἆλλὰὅ

247 583 390 640 γνώμῃ
419 583 617 637 Χοσρόου
648 581 951 638 διεπραττόμην
987 583 1036 624 τὰ
1066 581 1171 624 κατὰ
1202 585 1285 625 τῶν
1308 583 1538 635 Ῥωμαίων.
1595 580 1644 625 ὃν
1671 578 1695 623 ὅ

247 650 449 705 βασιλεὺς
493 648 564 691 διὰ
601 649 861 704 γραμμάτων
900 651 1119 704 εἰρηνικῶν
1157 651 1515 703 προσεκαλέσατο·
1579 647 1604 690 ὅ
1650 649 1698 691 δὲ

247 712 323 771 ἧκε
364 714 470 770 πρὸς
517 714 644 757 αὐτὸν
683 716 727 757 ἐν
771 715 970 768 Περσίδι.
1036 713 1298 770 α’ναζητήσας
1337 710 1413 755 οὖν
1453 713 1475 755 ὅ
1502 712 1703 768 βασιλεὺς

249 780 350 830 τούς
376 779 646 837 πρεσβευτάς,
676 780 750 822 καί
768 779 922 833 μαθών
949 780 1005 829 ὥς
1032 778 1114 821 ὑπό
1149 780 1347 835 Χοσρόου
1379 783 1525 830 δειναῖς
1550 781 1702 840 α’νῃρέ·

251 851 404 902 θησαν,
428 849 574 900 θυμοῦ
601 849 801 902 πλησθεὶς
829 848 903 887 ου’κ
930 848 1129 902 ἐφείσατο
1146 844 1430 902 κατασφάζων
1457 846 1534 902 τὴν
1563 850 1702 890 πᾶσαν
1715 851 1759 886 10

252 903 452 965 Περσίδα
479 915 523 955 ἐν
553 911 687 954 ἔτεσιν
716 911 770 968 ἕξ,
797 912 855 969 τῷ
885 913 929 954 δὲ
959 909 1121 970 ἑβδόμῳ
1149 910 1233 954 ἔτει
1260 911 1311 954 τά
1341 915 1459 966 τίμια
1486 913 1588 964 ξύλα
1617 910 1700 955 οῗπὸ

252 980 467 1033 Περσίδος
505 978 725 1032 ἀναλαβών
769 979 841 1020 καί
866 981 925 1027 εἰς
952 977 1229 1033 Ἰερουσαλὴμ
1271 977 1603 1033 παραγενόμενος
1634 979 1707 1020 καί

252 1048 384 1087 ταῦτα
415 1044 593 1098 ὖψώσας
622 1043 727 1098 μετὰ
755 1046 894 1100 χαρᾶς
922 1047 994 1086 καί
1021 1042 1182 1100 εἰρήνης
1209 1046 1281 1087 §nt
1309 1043 1706 1087 Κωνσταντινούπο-

254 1115 319 1153 λιν
336 1112 612 1166 ὑπέστρεφεν.

365 1178 455 1219 ’Eue
481 1178 612 1218 αὐτοῦ
657 1175 844 1233 ἀνεφάνη
882 1175 1089 1230 Μωάμεθ
1120 1175 1256 1218 ὁτῶν
1287 1179 1540 1233 Σαρακηναῖν
1569 1177 1705 1233 άρχη-
1718 1182 1761 1217 15

254 1245 348 1299 γός,
391 1246 436 1285 ἐκ
477 1245 551 1297 τῆς
578 1245 795 1297 Αἰθριζθου
837 1242 1051 1296 nivea-9⁶6»,
1083 1243 1235 1300 καὶτῷ
1265 1246 1438 1297 βασιλεῖ’
1462 1241 1707 1298 ὑπαντήσας

256 1309 364 1363 μετά
405 1308 594 1364 πλήθους
636 1311 708 1350 καί
743 1309 991 1364 προσπεσών
1031 1306 1148 1366 αὖτῷ
1177 1309 1249 1350 καί
1275 1310 1404 1351 τόπον
1432 1309 1707 1364 αἰτησάμενος

258 1379 318 1426 εἰς
347 1378 583 1430 κατοίκησιν
608 1375 808 1430 τετύχηκε
835 1378 911 1430 τῆς
939 1377 1136 1430 ἐφέσεως.

365 1442 610 1496 Ἀναγκαῖον
638 1442 684 1482 δὲ
714 1440 893 1495 ἡγοῦμαι
923 1442 1115 1496 περὶτῆς
1142 1443 1218 1483 τοῦ
1235 1437 1441 1494 Μωάμεθ
1463 1442 1607 1495 γενεᾶς
1632 1456 1711 1494 μι-

260 1506 357 1562 κρόν
392 1524 432 1549 τι
475 1506 771 1562 διηγήσασθαι.
856 1509 915 1564 τῷ
951 1506 1089 1549 τοίνυν
1128 1506 1345 1565 δωδεκάτῳ
1384 1509 1458 1549 τοῦ
1504 1505 1766 1559 Μωάμεθὲῠ

259 1574 411 1631 χρόνῳ,
437 1575 481 1615 έν
509 1571 594 1615 ἔτει
619 1574 714 1635 ,ςρλί
742 1573 823 1615 άπὸ
859 1576 1027 1623 κτίσεως
1055 1574 1226 1628 κόσμου,
1258 1575 1513 1623 ἰνδικτιιδνος
1542 1572 1582 1626 ι’,
1607 1573 1711 1628 μηνί

260 1641 527 1697 Σεπτεμβρίῳ
554 1642 681 1697 τρίτῃ,
710 1640 846 1698 ἡμέρᾳ
873 1643 1049 1697 πέμπτῃ,
1079 1641 1235 1694 ἐγένετο
1254 1639 1457 1693 θεμάτιον
1476 1642 1558 1681 τῶν
1585 1639 1709 1693 Ἀγα-

261 1707 396 1760 ρηνιόν
439 1705 553 1761 παρὰ
584 1703 802 1761 Στεφάνου
828 1707 1148 1762 Ἀλεξανδρείας
1183 1708 1472 1755 κανονίσαντος
1506 1706 1711 1760 κρατῆσαι

259 1770 435 1821 τούτους
469 1773 511 1813 ἐν
540 1772 662 1826 ἰσχύϊ
701 1770 771 1827 ἔτη
813 1770 1033 1827 τριακόσια
1073 1773 1212 1826 ἐννέα,
1243 1774 1287 1814 ἐν
1318 1773 1364 1813 δὲ
1392 1770 1609 1828 συστροφῇ
1639 1768 1713 1812 καί

265 1959 389 1993 domus
418 1958 586 2001 sedentis,
615 1958 654 1992 in
679 1969 751 2004 quo
776 1958 895 1992 sidera
932 1965 968 1992 et
994 1959 1108 1998 solum
1132 1963 1169 1992 et
1205 1959 1325 1991 lunam
1356 1958 1514 1990 fecerant
1539 1962 1577 1990 et
1600 1967 1707 2000 ange-

261 2007 317 2040 los
342 2007 608 2039 circumstantes
635 2010 672 2038 et
693 2006 828 2039 tonitru
854 2012 895 2039 ut
921 2012 997 2040 arte
1020 2006 1098 2039 fieri
1121 2011 1243 2051 posset
1266 2011 1302 2038 et
1325 2005 1438 2038 imber
1460 2004 1604 2049 quando
1629 2003 1708 2037 vel·

260 2054 350 2087 lent.
401 2064 493 2098 quae
521 2064 581 2085 rex
606 2052 705 2085 humi
730 2053 867 2086 deiecta
892 2053 937 2086 ad
972 2054 1155 2098 pulverem
1180 2052 1326 2097 redegit.
1376 2051 1466 2084 haee
1490 2062 1598 2096 quum
1627 2051 1709 2083 Sar-

259 2099 367 2133 barus
390 2100 428 2132 in
454 2101 691 2132 Romanorum
718 2105 810 2133 terra
835 2099 1005 2133 audiisset
1029 2100 1204 2140 Heraclio,
1231 2111 1267 2133 se
1298 2109 1360 2143 per
1384 2099 1520 2131 litteras
1547 2097 1710 2142 purgavit

259 2158 336 2180 non
365 2158 430 2179 sua
453 2151 580 2191 sponte
609 2146 671 2179 sed
705 2147 803 2179 iussu
829 2147 1008 2181 Chosroae
1028 2158 1066 2180 se
1099 2151 1221 2180 contra
1251 2147 1424 2178 Romanos
1452 2155 1523 2177 rem
1549 2146 1707 2188 gessisse.

260 2204 368 2239 quem
398 2204 459 2226 rex
492 2197 638 2238 propter
675 2195 839 2238 pacificas
864 2195 1001 2227 litteras
1035 2194 1236 2235 arcessivit3
1272 2193 1333 2225 ille
1367 2203 1450 2224 vero
1486 2191 1532 2224 ad
1561 2203 1640 2224 eum
1669 2192 1709 2225 in

259 2239 438 2275 Persidem
462 2241 572 2273 venit.
621 2241 806 2285 postulans
833 2240 964 2274 deinde
983 2253 1043 2274 rex
1070 2241 1218 2284 legatos,
1238 2245 1424 2284 postquam
1443 2238 1559 2272 audiit
1583 2237 1710 2272 crude-

260 2287 347 2320 liter
375 2298 435 2320 eos
461 2297 538 2321 esse
563 2286 754 2320 aChosroe
782 2288 1003 2329 interfectos,
1033 2288 1145 2321 iratus
1173 2298 1246 2319 non
1272 2297 1309 2319 se
1333 2286 1511 2319 continuit
1535 2286 1623 2330 quin
1648 2291 1710 2319 to·

259 2339 333 2367 tam
366 2333 544 2367 Persidem
585 2344 646 2366 sex
669 2345 780 2367 annos
808 2334 1106 2380 depopularetur3
1131 2334 1283 2379 septimo
1321 2339 1439 2365 autem
1465 2333 1570 2366 sacris
1599 2332 1708 2376 lignis

260 2391 280 2413 e
307 2380 448 2414 Perside
482 2381 649 2425 sumptis,
683 2386 875 2425 postquam
910 2381 1156 2425 Hierosolyma
1191 2380 1289 2414 venit
1325 2385 1361 2413 et
1384 2379 1449 2412 illa
1476 2380 1600 2420 erexit,
1627 2389 1709 2412 cum

259 2427 392 2470 gaudio
420 2433 458 2460 et
478 2437 566 2472 pace
593 2426 708 2472 Cplim
735 2428 853 2461 rediit.

350 2474 400 2507 Eo
441 2478 611 2518 regnante
646 2475 815 2518 apparuit
847 2473 1029 2508 Moameth
1069 2473 1323 2506 Saracenorum
1360 2473 1431 2506 dux
1468 2483 1512 2505 ex
1535 2471 1708 2506 Aethribo

260 2521 454 2553 ascendens
482 2525 520 2553 et
543 2521 615 2564 regi
642 2531 720 2553 cum
747 2533 871 2565 magna
897 2520 1129 2554 multitudine
1163 2520 1304 2552 obviam
1325 2521 1474 2553 veniens
1499 2524 1536 2552 et
1559 2519 1603 2553 ad
1631 2520 1708 2552 eius

260 2567 371 2610 pedes
400 2579 436 2600 se
466 2572 692 2613 prosternens
717 2568 834 2601 locum
860 2568 966 2612 petiit
991 2566 1037 2599 ad
1060 2566 1308 2607 habitandum,
1335 2579 1440 2612 quem
1466 2572 1591 2600 nactus
1618 2570 1684 2599 est·

354 2614 601 2647 Necessarium
624 2613 765 2647 videtur
802 2614 846 2647 de
874 2612 1054 2647 Moameth
1082 2624 1195 2658 pauca
1220 2625 1374 2646 narrare.
1423 2625 1517 2647 anno
1545 2612 1621 2645 eius
1646 2623 1707 2645 ae-

261 2658 346 2691 tatis
373 2660 427 2700 12,
457 2660 582 2693 mundi
605 2662 714 2694 creati
740 2672 834 2694 anno
859 2660 963 2701 6130,
990 2659 1188 2694 indictione
1217 2661 1270 2701 10,
1289 2672 1410 2694 mense
1436 2658 1706 2705 Septembris-3,

261 2705 320 2739 die
346 2705 366 2739 5
391 2707 588 2752 praedictio
614 2706 710 2743 facta
733 2714 788 2743 est
811 2710 1050 2755 Agarenorum
1084 2718 1102 2742 a
1135 2707 1318 2756 Stephano
1347 2706 1602 2749 Alexandrino,
1630 2705 1707 2742 soro
