1838 3132
592 133 1085 182 CHRONOGRAPHIA.
1459 133 1554 180 291

111 240 420 295 παρέπεμψαν·
477 239 800 283 Κωνσταντΐνον
830 242 877 282 δὲ
904 240 975 283 τόν
990 241 1066 290 τοῦ
1085 238 1336 294 Εὕλαμπιόυ
1365 235 1461 281 υἱὸν
1490 240 1563 282 καί

106 304 278 361 ἑτέρους
306 302 388 347 σῦν
419 303 533 362 αὔτῷ
551 305 758 355 Φιλόθεος
785 302 976 362 ὕπαρχος
998 307 1044 349 ἕν
1061 307 1113 364 τῇ
1135 306 1210 349 τοῦ
1235 303 1408 349 ἱππικοῦ
1433 320 1564 361 σφεν-

111 370 214 428 δόνῃ
257 372 370 427 ξίφει
409 370 632 425 ἀπέτεμεν.
710 372 761 413 οὖ
804 373 964 428 μικρῶς
994 374 1042 415 δὲ
1071 369 1439 429 διερευνησάμενοι
1465 372 1568 426 περὶ

114 435 277 493 Νικήτα
320 438 548 492 ἆσηκρῆτις
587 435 660 478 καὶ
696 440 1019 480 Κωνσταντίνου
1059 440 1134 480 τοῦ
1170 438 1308 492 Λιβὸς
1338 437 1420 491 οὐχ
1444 429 1568 491 εὗρεν

77 504 290 554 δαῦτούς,
337 501 394 554 ὥς
421 506 715 558 χρησαμένους
743 506 881 561 φυγῇ·
911 504 979 546 τὸν
1019 505 1065 546 δὲ
1095 506 1276 560 Αἰγίδην
1315 506 1467 546 ἐκεῖνον
1495 505 1570 545 καὶ

114 571 212 619 τούς
242 570 321 613 σύν
363 571 474 627 αὐτῷ
505 568 684 619 πολλοὺς
728 569 802 612 καὶ
829 570 1050 626 ἀνδρείους
1090 567 1208 621 ὅντες
1235 570 1318 613 οἷπό
1347 587 1393 614 τε
1424 572 1498 625 τῆς
1524 572 1569 612 ἐν

114 635 385 692 Χρυσοπόλει
415 633 635 689 δαμάλεως
663 638 736 678 καί
760 636 890 692 μέχρι
916 639 991 679 τοῦ
1018 636 1241 680 Λευκάτου
1280 636 1472 690 διδύμοις
1500 634 1569 687 ξύ-
1582 645 1619 680 P.
1632 643 1702 679 490

115 707 202 752 λοις
229 699 387 751 πάντας
416 701 752 745 α’νεσκολόπισεν.
821 704 895 745 καί
922 702 1104 753 πολλοὺς
1134 699 1318 759 ἀνηλεῶς
1347 706 1419 745 καί
1447 703 1570 745 α’ναι-
1582 709 1627 744 97

115 771 215 818 τι’ως
242 768 282 810 οἱ
299 765 508 823 λεγόμενοι
535 763 649 811 οὗτοι
669 771 885 823 ἐπίτροποι
909 769 1167 823 ἀπέκτειναν,
1199 772 1237 811 εἰ
1262 769 1333 824 μή
1350 784 1462 819 τινες
1487 771 1573 813 τῶν

59 844 104 879 10
118 835 324 878 δικαστῶν
362 836 437 890 τῆς
482 836 627 877 α’ὃίκου
665 835 799 891 ὁρμῆς
823 835 1115 892 ἄνεχαίτισανς
1145 836 1330 885 εἰπόντες
1359 835 1464 891 πρὸς
1493 831 1575 878 αὖ-

116 899 215 950 τούς
245 896 319 951 Ιοὖς
364 899 519 950 παιδός
559 897 678 951 ὄντος
724 903 801 944 τοῦ
830 902 1059 956 βασιλέως,
1089 905 1176 951 παῖς
1209 897 1310 943 ἄνευ
1341 903 1412 956 τῆς
1443 903 1575 944 αὕτοῦ

116 967 345 1018 κελεύσεως
382 969 559 1010 τοιαῦτα
599 969 774 1022 τολμᾶτε
802 967 1138 1023 διαπράττεσθαι
1156 986 1173 1021 ,·
1213 967 1290 1022 τήν
1316 970 1391 1009 τοῦ
1423 968 1575 1017 δουκὸς

116 1028 194 1075 οὖν
218 1039 396 1088 γυναῖκα
425 1032 717 1089 α’ποκείραντες
746 1035 806 1084 εἷς
835 1033 908 1076 τὸν
934 1035 978 1076 ἐν
995 1032 1279 1091 Παφλαγονίᾳ
1308 1030 1416 1076 οἶκον
1444 1029 1575 1088 αὐτῆς

115 1092 420 1154 ἐξαπέστειλαν,
450 1101 770 1154 εὖνουχίσαντες
802 1099 876 1142 καί
909 1099 982 1142 τὸν
1010 1098 1104 1142 υἱὸν
1132 1101 1280 1142 αὐτοῦ.

60 1177 105 1212 15
225 1167 463 1225 Αὐγούστῳ
491 1169 538 1209 δὲ
563 1169 668 1222 μηνί
683 1166 858 1218 Συμεών
885 1164 906 1208 ὃ
927 1167 1200 1222 Βουλγαρίας
1227 1160 1371 1220 ἄρχων
1401 1168 1616 1221 ἐκστρα-Β

116 1234 270 1283 τεύσας
301 1231 408 1275 κατὰ
434 1233 655 1287 Ῥωμαίων
681 1233 762 1276 σὺν
790 1229 902 1290 ὄχλῳ
931 1237 1063 1288 βαρεῖ
1085 1237 1312 1286 κατέλαβεν
1340 1232 1416 1287 τήν
1446 1236 1576 1275 Κων-

116 1299 471 1356 σταντινούπολιν,
499 1300 572 1342 καί
600 1299 650 1355 δή
684 1303 963 1354 περικαθίσας
991 1300 1123 1355 αὐτὴν
1149 1302 1320 1354 χάρακα
1349 1302 1576 1353 περιέβαλ-

117 1370 187 1408 λεν
214 1365 298 1408 οἷπό
321 1382 364 1409 τε
393 1370 651 1422 Βλαχερνῶν
679 1366 900 1421 καὶμέχρι
928 1369 1001 1421 τῆς
1032 1368 1253 1421 λεγομένης
1279 1362 1435 1421 πόρτης
1451 1369 1576 1418 Χρυ-

117 1435 210 1488 σῆς,
243 1435 314 1475 καί
341 1434 480 1476 ἐλπίσι
508 1434 717 1489 μετέωρος
750 1430 809 1475 cliv
837 1429 1016 1488 οἷπονητί
1042 1430 1202 1481 πάντως
1231 1429 1350 1473 ἑλεῖν.
1408 1433 1501 1473 ἐπεὶ
1528 1434 1575 1473 δὲ

58 1498 196 1554 ἳθτήν
221 1515 265 1542 τε
294 1499 375 1542 τῶν
403 1502 554 1554 τειχῶν
573 1502 814 1552 κατέμαθεν
843 1499 1079 1554 ὀχυρότητα
1106 1496 1180 1554 τήν
1208 1513 1255 1540 τε
1285 1499 1331 1540 ἐκ
1360 1500 1438 1540 τοῦ
1467 1495 1574 1551 πλή-

118 1568 224 1615 θους
237 1563 310 1607 καί
323 1567 406 1608 τῶν
420 1565 682 1621 πετροβόλων
702 1567 951 1623 α’σφάλειαν,
967 1567 1049 1608 τῶν
1067 1564 1248 1608 ἐλπίδων
1263 1563 1441 1622 σφαλείς
1463 1565 1507 1607 ἐν
1519 1567 1577 1621 τῷ

211 1670 245 1705 5.
277 1671 443 1719 Λίγίδην
470 1672 541 1706 add
570 1674 776 1717 Anonymuu
799 1678 836 1706 et
862 1671 1046 1706 Cedrenus

118 1778 260 1814 xerunt,
274 1778 311 1807 et
327 1773 372 1807 ad
386 1775 570 1809 Dalmatae
589 1775 844 1810 monasterium
863 1775 1036 1809 abductos
1054 1775 1222 1821 supplicii
1244 1785 1284 1808 ac
1299 1773 1570 1807 condemnatio-

119 1821 175 1854 nis
201 1822 346 1855 nomine
374 1822 453 1856 loco
480 1823 614 1856 celebri
634 1824 796 1857 fecerunt
818 1824 1016 1857 inclusum:
1044 1824 1200 1856 Leonem
1220 1833 1304 1855 vero
1322 1822 1571 1854 Catacalitzem

120 1873 158 1901 et
176 1867 380 1902 Abessalom
405 1870 552 1903 Arotrae
573 1870 686 1903 filium
712 1876 918 1904 excaecatos
943 1871 981 1903 in
1006 1871 1152 1903 exilium
1178 1871 1363 1902 miserunt.
1395 1869 1571 1900 Constan-

119 1915 232 1948 tinum
267 1922 386 1949 autem
426 1917 606 1962 Eulampii
642 1918 753 1950 filium
782 1924 817 1951 et
845 1919 920 1951 eius
949 1919 1096 1950 comites
1135 1916 1344 1949 philotheus
1370 1916 1570 1959 praefectus

119 1961 165 1994 ad
189 1963 270 1996 circi
299 1969 428 1997 metam
457 1964 576 2008 gladio
603 1965 842 1998 obtruncavit.
874 1976 945 1998 non
970 1965 1110 1998 modica
1137 1976 1219 1998 vero
1248 1964 1291 1996 de
1318 1963 1442 1995 Niceta
1468 1974 1487 1994 a
1513 1972 1570 1994 se-

118 2009 225 2042 cretis
261 2016 298 2044 et
322 2012 560 2045 Constantino
602 2012 691 2045 Libe
728 2013 990 2057 perquisitione
1024 2013 1138 2051 facta,
1165 2012 1261 2057 ipsi,
1290 2022 1353 2043 ceu
1394 2010 1474 2053 fuga
1501 2010 1568 2048 usi,

117 2057 325 2090 nullatenus
353 2060 482 2104 reperti
508 2064 603 2092 sunt.
633 2060 747 2104 ipsum
766 2066 884 2092 autem
912 2059 1129 2104 multosque,
1157 2060 1218 2103 qui
1243 2069 1319 2090 cum
1346 2059 1422 2101 ipso
1455 2062 1566 2095 erunt,

118 2105 227 2137 fortes
255 2106 347 2138 viros
373 2117 391 2138 a
411 2107 560 2146 Damali,
586 2119 678 2152 quae
705 2113 758 2140 est
776 2106 1036 2151 Chrysopoleos
1062 2107 1173 2146 locus,
1199 2105 1242 2138 ad
1262 2106 1422 2137 Lacatein
1453 2114 1566 2147 usque

118 2151 268 2194 geminis
296 2153 401 2196 lignis
432 2154 504 2186 sive
530 2154 637 2187 furcis
674 2160 820 2187 cunctos
846 2154 1132 2199 suspenderunt3
1168 2153 1413 2197 plurimosque
1440 2151 1567 2183 crude·

122 2198 207 2230 liter
234 2204 269 2232 et
295 2200 372 2233 sine
400 2212 506 2234 causa
544 2202 601 2234 isti
629 2207 876 2247 procuratores
911 2202 1084 2245 appellati
1124 2201 1203 2233 neci
1229 2199 1471 2238 tradidissent,
1496 2198 1567 2229 nisi

120 2245 278 2277 iudicum
305 2246 448 2291 quidam
474 2249 637 2293 iniquum
660 2261 782 2282 eorum
809 2250 981 2293 impetum
1011 2248 1281 2288 cohibuissent,
1308 2246 1467 2279 dicentes
1494 2245 1565 2277 illis

119 2298 222 2325 “cum
251 2293 367 2326 adhue
401 2295 593 2340 imperator
630 2297 723 2329 inter
762 2307 890 2340 pueros
923 2301 1027 2339 agat,
1058 2295 1238 2341 quomodo
1263 2295 1340 2327 sine
1369 2294 1442 2325 eius
1468 2292 1567 2323 iussu

118 2340 206 2372 talia
231 2346 371 2384 patrare
401 2343 676 2386 aggredimini?’'
736 2343 869 2376 deinde
895 2344 1002 2376 Ducis
1026 2354 1184 2383 uxorem,
1210 2341 1364 2375 caesarie
1387 2339 1567 2384 deposita,

120 2388 157 2419 in
187 2387 263 2419 eius
289 2387 450 2430 domum,
490 2401 595 2435 quam
620 2392 656 2424 in
682 2391 923 2436 Paphlagonia
953 2390 1174 2435 possidebat,
1205 2389 1280 2422 filio
1306 2389 1382 2422 eius
1400 2386 1566 2419 virilibus

119 2435 218 2479 prius
250 2440 404 2477 exsecto,
428 2437 614 2471 miserunt.
1449 2461 1452 2464 ¹

214 2481 338 2515 Mense
364 2494 468 2527 porro
497 2487 653 2529 Augusto
679 2485 823 2518 Simeon
841 2483 1029 2528 Rulgariae
1053 2483 1221 2529 princeps
1247 2482 1412 2515 adversus
1438 2482 1568 2512 Roma-

118 2539 196 2568 nos,
223 2536 425 2573 comparato
465 2533 621 2565 exercitu
656 2543 734 2565 cum
773 2531 1003 2564 multitudine
1030 2532 1150 2575 gravi,
1175 2530 1312 2575 Cpolim
1353 2528 1505 2572 appulit,
1532 2532 1570 2561 et

118 2575 214 2607 vallo
258 2587 277 2608 a
310 2578 510 2611 Blachernis
542 2578 586 2612 nd
618 2584 757 2624 portam
784 2578 952 2621 Chrysen]
990 2583 1149 2611 vocatam
1179 2575 1418 2610 circumducto
1445 2574 1569 2607 urbem

119 2621 286 2666 obsedit3
324 2624 463 2671 alisque
495 2627 571 2669 spei
597 2638 679 2660 suae
707 2628 744 2659 in
779 2626 933 2659 sublime
959 2626 1072 2659 elatus
1098 2625 1326 2659 subacturum
1352 2634 1388 2654 se
1418 2622 1565 2655 omnino

117 2670 220 2703 nullo
245 2671 370 2704 labore
397 2673 641 2717 promittebat.
670 2673 829 2718 probatis
855 2679 971 2706 autem
1001 2674 1036 2705 in
1066 2672 1251 2706 adversum
1281 2670 1460 2702 moenium
1485 2680 1567 2702 mu-

118 2717 298 2759 nimentis,
326 2719 499 2766 urbisque
533 2731 575 2754 ex
601 2722 726 2767 populi
759 2721 861 2766 copia
891 2726 925 2753 et
950 2719 1121 2754 machinis
1147 2718 1337 2753 securitate
1362 2727 1403 2750 ae
1427 2717 1568 2762 praesi-
