1838 3132
323 113 419 159 392
843 99 1196 158 vsz‘rA‘rflan
1222 84 1227 91 ’

422 212 494 264 Ὡς
523 217 568 257 δὲ
600 213 675 268 την
713 216 793 255 τῶν
824 216 969 255 Θυνῶν
1006 215 1078 254 καί
1120 215 1314 254 Βιθυνῶν
1342 203 1668 267 γῆνπεριελθών
1695 209 1748 268 ἦν

321 283 392 334 τῆς
417 282 498 321 τῶν
526 277 772 332 Βεβρύκων,
807 279 878 321 καί
914 280 1012 332 περί
1049 277 1123 332 τήν
1161 278 1383 332 ἀντιπέραν
1419 280 1492 332 τῆς
1515 276 1746 332 μεγαλοπό-

322 352 424 394 λεως
453 343 706 398 Χαλκηδόνα
733 342 1150 398 ἐστρατοπεδεύσατο,
1182 339 1234 397 ἦν
1261 344 1341 395 μὲν
1361 340 1524 396 ἤκιστος
1549 342 1617 386 τὸν
1644 343 1747 385 λαὸν

322 410 341 451 ὁ
378 411 493 465 α’νήρ,
523 411 766 462 διασπείρας
795 411 840 451 δὲ
866 408 940 465 την
961 409 1066 465 ἄμφ’
1094 407 1223 450 αὐτὸν
1242 406 1440 462 στρατιὰν
1470 407 1576 460 πρὸς
1596 411 1747 463 τέχνην

320 480 390 516 καί
417 474 567 529 σκηνάς
595 475 824 529 πηξάμενος
861 478 905 517 ἐν
928 473 1068 524 τόποις
1097 475 1284 528 καιρίοις,
1325 473 1380 522 ὥς
1407 475 1633 527 φαίνεσθαι
1659 479 1778 515 πει-5

319 543 530 583 κνοῦσθαί
550 555 593 582 τε
620 541 693 590 καί
722 543 879 595 πλῆθος
912 534 1037 594 ἔχειν,
1070 542 1143 581 καί
1171 539 1219 581 τὰ
1252 543 1373 580 πλοῖα
1404 541 1463 591 δέ,
1492 533 1554 588 οἷς
1580 541 1753 592 ἐνέβαλέ

320 623 357 648 τι
385 608 459 647 τοῦ
487 608 813 659 στρατιωτικοῦ,
842 605 940 661 περὶ
964 604 1015 646 τά
1045 610 1130 647 κατ’
1161 603 1352 658 αἰγιαλὸν
1377 605 1538 658 βράχεα
1560 604 1632 646 καί
1656 607 1751 645 λοι-

321 671 401 719 mic,-
427 673 680 719 θαλαττίους
708 670 888 724 α’γκάλας
917 662 1062 722 δεξιαῖς
1089 674 1263 725 μερίσας
1291 669 1363 711 καί
1389 669 1663 724 καταστήσας,
1691 668 1747 717 ὥς

319 735 375 790 μὴ
404 738 550 791 σαφῶς
593 737 893 791 διαφαίνεσθαι
930 733 997 779 οἷά
1024 737 1068 778 τέ
1111 738 1182 777 καί
1212 735 1345 776 ὁπόσα
1382 736 1528 787 ἐκεῖνα,
1554 732 1754 787 τοιαύτην
1802 783 1809 789 .

321 801 521 842 σκότωσιν
553 799 710 854 ἔπεμψε
739 807 822 850 τοῖς
838 801 1191 857 μεγαλοπολίταις,
1219 805 1305 847 τοῖς
1332 815 1374 842 τε
1399 796 1540 849 ἄλλοις
1567 801 1640 842 καί
1666 799 1806 842 uzi->10

319 873 403 915 τοῖς
433 865 482 921 δὴ
513 872 595 915 τοῖς
623 865 727 921 πρός
754 868 906 908 ἐκεῖνον
934 867 1240 922 ἑχθραίνουσιν,
1268 861 1324 914 ὥς
1353 867 1488 920 δοκεῖν
1514 862 1589 918 τήν
1605 879 1651 906 τε
1679 879 1752 906 πε-

321 934 444 984 ραίαν
473 932 547 985 γῆν
583 932 655 972 καί
693 930 791 979 τούς
834 932 943 987 αὐτῇ
986 933 1323 986 προσκυροῦντας
1357 927 1568 983 αἰγιαλοὺς
1593 931 1751 982 πεπλῆ-

320 1000 437 1048 σθαι,
470 995 545 1050 τήν
572 998 647 1049 μὲν
675 996 997 1049 στρατευμάτων
1035 998 1381 1051 πεπυκνωμένων,
1409 993 1486 1049 τὴν
1515 997 1562 1038 δὲ
1588 997 1755 1048 συχνῶν

321 1062 522 1115 τριήρεων
555 1064 626 1102 καί
650 1059 799 1116 ἑτέρων
828 1065 1002 1113 πλοίων,
1046 1057 1124 1102 ὅσα
1165 1058 1355 1116 προμήκη
1393 1063 1676 1116 σκευωροῦσιν
1705 1058 1751 1102 αἱ

319 1126 421 1168 κατὰ
450 1127 667 1169 θάλασσαν
693 1128 895 1182 μηχαναί.
947 1128 1020 1169 καί
1047 1126 1256 1179 εἰώθαμεν
1281 1125 1449 1180 α’ληθαῖς
1479 1127 1524 1168 ἐν
1549 1122 1750 1174 τοιούτοις
1764 1135 1808 1168 15

321 1190 427 1233 οὕτω
455 1191 632 1244 πάσχειν
673 1190 712 1233 οῖ
750 1188 990 1245 ἅνθρωποι·
1045 1191 1310 1246 πληθύνομεν
1347 1189 1426 1246 γὰρ
1454 1190 1512 1240 ὥς
1539 1189 1590 1232 τὰ
1617 1188 1748 1234 πολλοὶ

320 1259 390 1297 καί
416 1255 697 1310 μεγεθύνομεν
725 1254 753 1299 ἃ
777 1255 1074 1312 θαυμάζομεν,
1104 1251 1172 1298 οἷα
1199 1255 1258 1310 μὴ
1294 1257 1499 1310 ’ἀκριβοῦν
1526 1257 1752 1310 δυνάμενοι

323 1322 391 1363 δια
420 1319 468 1363 τό
500 1321 574 1376 τὴν
601 1320 747 1376 ψυχὴν
775 1321 1060 1376 συγκεχύσθαι
1083 1327 1167 1370 τοῖς
1197 1322 1482 1376 ἐκπλήττουσι.

382 1390 577 1436 Τοιοῦτος
596 1383 670 1429 οὖν
687 1387 708 1430 ὃ
721 1384 981 1441 Ἀνδρόνικος
999 1390 1160 1444 φανείς,
1178 1386 1249 1429 καί
1266 1385 1286 1428 ὅ
1304 1383 1435 1436 οὕτως
1453 1388 1589 1440 ὀλίγος
1603 1387 1754 1441 μυρίος

324 1455 564 1507 διακριθείς,
587 1454 802 1508 ἐφέλκεται
829 1451 896 1495 διὰ
922 1454 1101 1508 βραχέος
1119 1455 1266 1507 καιροῦ
1286 1452 1454 1505 πάντας,
1475 1457 1547 1494 καί
1559 1450 1634 1508 τήν
1653 1449 1753 1507 ὅλην
1763 1461 1810 1496 20

325 1519 444 1559 πόλιν
458 1517 642 1573 μετάγει,
667 1518 722 1568 ὡς
746 1516 878 1568 οὕτως
893 1521 1033 1574 εἰπεῖν,
1058 1517 1162 1573 πρὸς
1179 1516 1339 1560 ἑαυτὸν.
1365 1519 1437 1559 καί
1453 1519 1521 1560 ἵνα
1537 1516 1594 1572 μὴ
1611 1520 1754 1573 μακρᾷ

326 1586 517 1640 θαλάσσῃ
551 1582 812 1639 διηγημάτων
841 1587 1069 1640 ἑπαφῶμεν
1099 1582 1143 1625 τό
1170 1586 1243 1625 τοῦ
1263 1581 1387 1637 λόγου
1403 1579 1572 1625 ‹indum›
1587 1583 1674 1624 ἀλλ’
1698 1581 1755 1632 ὥς

329 1647 398 1690 διὰ
430 1651 624 1703 πορθμοῦ
663 1648 1067 1706 βραχυπορήσωμεν,
1095 1651 1139 1691 ἐν
1165 1650 1319 1703 α’καρεῖ
1341 1649 1480 1705 χρόνῳ
1507 1649 1755 1700 πλωΐζονται

425 1814 488 1847 Per
513 1814 717 1858 Thynorum
757 1821 791 1848 et
815 1816 1041 1858 Bithynorum
1068 1821 1193 1848 terram
1224 1815 1417 1860 profectus,
1444 1823 1550 1858 quum
1578 1812 1614 1845 in
1641 1812 1756 1855 regio-

330 1870 410 1893 nem
436 1859 706 1904 Bebrycensium
730 1863 956 1906 pervenisset,
983 1868 1018 1895 et
1044 1862 1089 1894 ad
1114 1862 1236 1894 urbem
1254 1861 1356 1906 Cpoli
1383 1860 1582 1905 oppositam
1606 1857 1755 1891 Chalce-

330 1906 456 1939 donem
491 1913 600 1941 casu-a
626 1909 823 1952 posuisset,
847 1910 1014 1954 quoniam
1035 1909 1228 1942 exercitum
1252 1907 1480 1952 perexiguum
1505 1904 1672 1946 habebat,
1695 1915 1757 1937 eo-

330 1954 404 1997 pias
444 1954 572 1988 callide
609 1954 790 1988 distribuit
831 1961 865 1989 et
891 1956 1045 1989 tentoria
1085 1956 1170 1989 locis
1206 1954 1341 1987 idoneis
1379 1954 1430 1986 ita
1466 1952 1675 1992 collocavit,
1716 1955 1757 1984 ut

331 1999 439 2032 densa
465 2006 501 2033 et
526 2001 647 2035 crebra
671 2013 746 2034 esse
770 2002 983 2042 viderentur,
1010 2003 1149 2046 navigia
1173 2008 1300 2042 autem,
1324 1999 1497 2045 impositis
1527 1998 1666 2043 aliquot
1687 1997 1756 2029 mi-

330 2047 473 2087 litibus,
498 2058 561 2092 per
587 2047 674 2080 vada
710 2048 755 2080 ad
782 2049 866 2081 litus
904 2054 939 2082 et
960 2049 1056 2081 sinus
1085 2049 1188 2082 maris
1216 2049 1371 2092 reliquos
1397 2051 1478 2091 apte
1506 2044 1690 2089 disposuit,
1717 2049 1757 2077 ut

330 2104 496 2126 numerus
521 2104 640 2127 eorum
665 2099 701 2127 et
723 2094 928 2139 magnitudo
954 2096 1071 2128 minus
1095 2100 1212 2140 posset
1245 2093 1405 2133 discerni,
1429 2096 1634 2137 tantamque
1661 2089 1757 2135 Cpo-

331 2140 451 2172 litanis
485 2152 592 2185 quum
627 2141 774 2186 reliquis
790 2165 799 2182 ‚
823 2147 898 2176 tum
921 2153 1006 2175 vero
1037 2142 1185 2174 inimicis
1210 2141 1282 2173 suis
1305 2139 1463 2172 fraudem
1492 2138 1596 2178 fecit,
1623 2141 1663 2170 ut
1685 2142 1758 2170 ter-

329 2198 400 2218 ram
436 2188 631 2231 oppositam
666 2193 702 2221 et
734 2189 836 2221 litora
862 2189 998 2233 repleta
1024 2199 1097 2222 esse
1131 2191 1296 2233 putarent
1319 2187 1448 2232 partim
1471 2185 1624 2218 militum
1656 2183 1754 2216 mul-

328 2231 504 2273 titudine,
541 2234 667 2278 partim
707 2236 809 2279 copia
844 2236 1038 2268 triremium
1063 2240 1099 2268 et
1121 2236 1267 2268 aliorum
1293 2233 1534 2277 navigiorum,
1558 2242 1649 2277 quae
1676 2229 1758 2263 hel-

328 2280 374 2311 lis
418 2280 597 2313 maritimis
634 2287 803 2325 parantur
846 2283 1046 2326 praelonga.
1110 2292 1150 2314 ac
1197 2281 1349 2313 solemus
1396 2290 1479 2312 sane
1525 2277 1687 2311 homines
1718 2277 1758 2310 in

331 2326 502 2358 eiusmodi
537 2325 641 2359 rebus
680 2327 729 2359 ita
763 2328 870 2360 affici:
903 2329 1151 2373 amplificamus
1188 2327 1398 2372 plerumque
1438 2331 1475 2359 et
1498 2333 1757 2368 exaggeramus,

331 2383 423 2416 quae
449 2372 677 2413 admiramur,
714 2376 879 2419 quoniam
914 2380 1074 2408 accurate
1108 2385 1148 2406 ea
1173 2373 1330 2406 iudicare
1355 2385 1428 2406 non
1451 2382 1648 2419 possumus,
1672 2381 1757 2415 pro-

331 2424 451 2462 pterea
481 2418 577 2464 quod
601 2431 698 2452 mens
722 2421 862 2453 turbata
890 2427 945 2454 est
977 2421 1211 2466 stupentibus.

422 2465 521 2498 Talis
552 2466 659 2509 igitur
685 2478 759 2499 cum
794 2474 978 2513 appareret
1012 2467 1251 2508 Andronicus,
1276 2472 1313 2499 et
1347 2467 1491 2510 exiguae
1519 2466 1594 2498 eius
1631 2463 1756 2509 copiae

333 2511 493 2553 ingentes
523 2523 599 2546 esse
621 2513 836 2554 viderentur,
860 2514 958 2547 brevi
982 2520 1139 2559 tempore
1177 2518 1319 2546 cunctos
1344 2513 1411 2546 sibi
1433 2513 1611 2552 conciliat,
1636 2516 1674 2544 et
1697 2515 1755 2543 to·-

332 2562 403 2589 tum
422 2558 557 2599 urbem,
583 2565 622 2592 ut
646 2560 694 2592 ita
720 2559 842 2600 dicam,
866 2562 904 2594 in
931 2567 1048 2606 partes
1074 2571 1151 2593 suas
1170 2559 1331 2593 traducit.
1357 2559 1421 2592 sed
1446 2570 1491 2592 ne
1518 2556 1655 2603 ingenti
1678 2566 1754 2588 ma-

335 2605 362 2633 ri
392 2615 503 2636 rerum
533 2606 742 2639 narrationis
768 2613 907 2640 nostrae
933 2607 1097 2652 scapham
1126 2607 1395 2648 committamus,
1419 2605 1480 2639 sed
1505 2606 1562 2639 via
1586 2610 1753 2647 tanquam

333 2660 395 2692 per
420 2652 546 2685 fretum
573 2652 831 2698 compendiaria
858 2654 1138 2699 proficiscamur,
1175 2653 1359 2687 confestim
1391 2652 1435 2687 ad
1466 2652 1566 2687 illum
1591 2650 1753 2693 navigant
