1838 3132
294 165 366 205 DE
389 162 792 206 THESSALONlCA
821 161 856 204 Λ
881 161 1090 207 LATINIS
1117 163 1307 206 CAPTA.
1426 155 1522 204 405

217 265 309 305 Καί
335 261 498 306 ἔσονται
529 264 717 316 ἀοίδιμοι
748 264 792 305 ἐν
822 262 981 312 τούτοις
1024 262 1060 305 οἱ
1091 266 1163 317 τῆς
1192 262 1348 318 ἡμέρας
1378 266 1526 305 ἐκεῖνοι

83 330 234 381 πιστοί,
269 331 582 378 Κωνσταντῐνος
610 326 631 370 ὅ
663 328 902 383 Πατρηνός,
937 329 980 370 τὸ
1010 332 1081 383 τῆς
1104 330 1317 379 κολακείας
1344 329 1527 385 ἠκριβω-

82 397 206 448 μένον
233 394 472 451 ἀφίδρυμα,
504 395 576 436 καί
603 394 624 436 ὅ
659 394 885 448 ἁπλούχειρ
921 396 1119 449 ΙΙΙιχαήλ,
1152 395 1255 449 α’νηρ
1287 393 1431 450 γλοιὸς
1450 396 1528 448 μὲν

83 461 413 502 πολιτεύσασθαι
460 459 668 516 στρυφνὸς
707 462 753 503 δὲ
795 462 1146 515 πονηρεύσασθαι.
1203 457 1255 517 ἦν
1292 463 1339 503 δὲ
1366 464 1441 503 καί
1465 462 1529 509 τίς

50 523 188 580 δάνὴρ
239 525 415 578 λα’μπων
453 528 496 567 ἐν
523 531 608 574 τοῖς
654 522 858 574 τοιούτοις
889 525 995 568 ώσεί
1016 541 1095 567 που
1128 527 1198 568 καὶ
1227 525 1412 582 φρυκτὸς
1438 526 1529 568 6λέ-

82 595 219 645 θριος,
246 594 372 644 μέσος
401 588 451 647 ἦν
482 588 548 634 ὅτε
575 591 649 646 την
676 589 818 646 τύχην,
857 590 1016 645 πατρὸς
1045 592 1176 648 ἐκφύς
1207 594 1346 644 δεξιοῦ
1373 594 1530 647 λογίζε-

81 662 184 700 σθαι
213 658 260 701 τὰ
289 657 470 713 δημόσια
502 661 574 700 καί
603 658 860 711 ἑμβαθύνειν
902 661 1158 710 κλέμμασιν·
1215 661 1427 715 Στέφανος
1453 660 1531 712 μὲν

82 722 128 766 τὸ
153 725 324 780 κύριον,
361 723 408 766 τὸ
443 725 488 766 δὲ
518 726 580 766 ἐπ’
609 725 724 782 αύτῷ
756 722 1225 780 Ἁγιοχριστοφορίτης·
1284 723 1326 773 ὃς
1350 725 1531 777 μεταθέ-

80 805 202 844 μενος
226 792 270 841 ἐξ
295 783 366 839 ,ὧν
411 788 433 832 ὅ
465 789 569 833 κατὰ
596 790 697 832 θεὸν
729 790 955 844 διάκειται,
994 784 1420 846 Ἀντιχριστοφορίτης
1450 808 1529 831 πα·

27 861 310 911 1ορωνυμεῖτο
357 862 444 906 τοῖς
471 852 577 912 ὀρθοὶ
625 857 780 899 νοοῦσι.
837 858 983 898 τοῦτον
1015 856 1036 896 ὅ
1066 858 1143 909 μὲν
1173 857 1345 912 φθάσας
1378 858 1529 910 χρόνος

79 919 401 978 παρεσημήνατο
440 923 500 971 εἰς
529 920 757 977 α’νδριάντα
786 921 1055 979 φαυλότητος.
1129 920 1335 977 κηδεύσας
1363 924 1443 977 γὰρ
1476 922 1527 964 οὗ

79 991 176 1029 καθ’
204 983 380 1043 ἑαυτόν,
407 987 512 1030 ἄλλοι
560 986 976 1043 πανουργευσάμενος
1006 985 1112 1042 ὑπὲρ
1145 988 1265 1038 οἷξιάν
1292 988 1426 1042 γάμον
1452 989 1527 1030 ev*-

78 1054 189 1109 γενῆ,
217 1054 371 1096 δέδωκε
400 1053 607 1108 τιμωρίαν
636 1055 711 1095 ου’κ
742 1055 914 1109 α’γεννῆ·
984 1052 1057 1102 τὰς
1089 1051 1208 1109 ῥῖνάς
1235 1069 1280 1095 τε
1307 1053 1388 1109 γὰρ
1423 1055 1527 1095 οἷπε-

78 1120 235 1175 σχιῖτθη
267 1116 341 1163 οἵτε
367 1118 426 1174 μὴ
458 1122 592 1168 καλῶς
623 1118 935 1176 φριμαξάμενος
956 1123 1051 1160 καθ’
1080 1114 1127 1174 ἧς
1157 1115 1232 1160 ούκ
1261 1118 1427 1176 ἔπρεπε,
1456 1123 1528 1173 καί

25 1191 67 1225 15
79 1187 163 1227 τῶν
190 1186 325 1227 αὐτοῦ
352 1184 493 1227 νώτων
518 1187 853 1241 σωφρονιστῆρες
882 1185 1050 1239 ἱμάντες
1079 1184 1404 1240 κατεχόρευσαν.
1453 1187 1527 1229 καὶ

79 1247 193 1303 ὅμως
245 1249 394 1303 ἰταμὸς
435 1245 493 1292 ὢν
531 1250 603 1292 καί
634 1249 706 1305 τήν
746 1251 947 1307 αἰσχύνην
985 1250 1065 1292 ἀπὸ
1099 1251 1324 1305 προσώπου
1351 1255 1525 1305 θέμενος

78 1312 155 1358 ούκ
185 1314 396 1371 ἀπήγαγεν
425 1314 574 1359 ἑαυτὸν
607 1319 684 1359 τοῦ
714 1321 1037 1373 προφαίνεσθαι,
1065 1317 1123 1373 μη
1156 1319 1227 1359 καί
1240 1322 1399 1375 γελῷτο,
1432 1319 1524 1361 ἀλλ’

78 1377 147 1424 οἶα
189 1384 320 1438 μηδὲν
351 1399 389 1425 τι
436 1376 562 1425 κακὸν
603 1382 815 1439 δεδρακώς
851 1383 1101 1439 περιήρχετο
1136 1383 1239 1426 ἔνθα
1269 1384 1341 1426 καί
1368 1386 1523 1443 πρῴην,

78 1450 371 1503 φιλενδεικτῶν
398 1447 444 1490 τὸ
476 1449 637 1504 θράσος
666 1451 737 1490 καί
775 1448 1108 1502 ἐπιδεικνύμενος
1134 1449 1182 1491 τὸ
1208 1450 1268 1505 μὴ
1293 1453 1522 1504 αἰδεῖσθαι,

21 1517 151 1556 2οκαἰ
177 1511 286 1556 οὕτω
320 1515 565 1568 βιαζόμενος
605 1514 651 1556 τὸ
690 1517 822 1570 μηδέν
850 1532 889 1557 τι
935 1518 1099 1571 φαῦλον
1126 1514 1152 1571 ἢ
1184 1519 1356 1572 ποιῆσαι
1385 1514 1411 1572 ἢ
1437 1534 1519 1559 πα..

77 1584 182 1622 θεῖν.
239 1579 296 1629 ὥς
324 1582 369 1622 δὲ
398 1582 648 1637 περιεωρᾶτο
677 1581 782 1637 πρὸς
811 1583 985 1638 πάντων,
1014 1584 1085 1624 καί
1103 1586 1179 1624 τοῦ
1204 1582 1342 1638 γάμου
1370 1599 1415 1624 τε
1446 1586 1521 1627 τοῦ

76 1645 246 1702 ὑψηλοῦ
287 1640 337 1702 ἦν
376 1645 581 1695 ἔκπτωτος
622 1650 693 1688 κατ’
737 1641 835 1690 οὐδέ
863 1664 955 1689 τινα
997 1645 1109 1702 εἶχεν
1149 1644 1277 1704 ἄλλην
1303 1647 1522 1704 α’νάβασιν,

78 1712 167 1754 ἀλλ’
208 1711 252 1755 ἐν
282 1718 412 1762 κενοῖς
454 1712 522 1762 τὰς
550 1712 786 1766 βασιλείους
815 1712 949 1768 θύρας
979 1715 1170 1770 ἐξέτριβε,
1197 1715 1396 1771 λαγχάνει
1425 1718 1520 1758 ποτὲ

1342 1774 1359 1802 9

167 1931 284 1977 Atque
310 1930 476 1964 laudibus
502 1932 538 1964 in
558 1931 612 1965 his
638 1931 796 1966 ferentur
820 1933 943 1966 fideles
968 1934 1039 1976 isti,
1060 1934 1315 1968 Constantinus
1334 1934 1520 1974 Patrensis,

28 1998 31 2002 -
80 1976 298 2011 adulationis
322 1978 452 2023 efligies
476 1979 756 2021 absolutissima,
784 1985 821 2013 et
846 1981 1014 2026 simplicis
1038 1992 1162 2014 manus
1186 1982 1249 2015 ille
1277 1981 1443 2021 Michael,
1466 1981 1521 2014 vir

79 2023 231 2058 blandus
257 2026 294 2058 in
318 2027 482 2070 negotiis,
508 2037 610 2072 asper
635 2027 671 2058 in
695 2027 881 2072 nequitiis.
932 2034 1006 2061 erat
1034 2029 1140 2062 etiam
1168 2029 1221 2062 vir
1244 2028 1337 2061 inter
1363 2027 1445 2060 illos
1474 2027 1520 2060 il-

80 2071 199 2105 lustris
226 2077 397 2117 tanquam
426 2072 529 2106 taeda
558 2073 689 2113 lucida,
717 2074 886 2107 mediocri
911 2075 1090 2119 quondam
1115 2075 1269 2115 fortuna,
1296 2080 1396 2121 patre
1416 2079 1522 2107 natus

79 2117 205 2152 dextro
230 2119 275 2152 ad
300 2121 485 2164 pecuniam
512 2120 695 2166 publicam
723 2121 945 2154 inferendam
972 2122 1171 2155 rationibus
1187 2147 1196 2163 ,
1222 2121 1452 2156 auferendam
1478 2133 1523 2155 ex

80 2166 237 2206 aerariis,
264 2166 467 2212 Stephanus
487 2169 643 2208 nomine,
669 2169 880 2211 cognomine
896 2168 1298 2214 Hagiochristophorita,
1328 2170 1402 2215 qui,
1428 2179 1522 2213 quo-

33 2248 35 2250 ,
79 2212 175 2245 niam
188 2211 377 2254 abiecerat,
391 2214 582 2247 secundum
599 2225 690 2260 quae
705 2215 839 2254 vivunt,
855 2215 915 2260 qui
935 2216 995 2260 pie
1012 2216 1147 2257 vivunt,
1161 2215 1524 2262 Antichristophorita

83 2259 401 2303 cognominabatur
426 2261 470 2294 ab
501 2262 556 2302 iis,
584 2262 646 2307 qui
674 2267 769 2294 recte
796 2263 983 2300 senthent.
1032 2262 1127 2298 hunc
1150 2263 1268 2308 priora
1293 2269 1452 2308 tempora
1485 2267 1525 2295 ut

84 2311 235 2340 statuam
264 2308 448 2353 nequitiae
476 2314 700 2342 notaverant.
732 2309 863 2342 etenim
892 2320 1000 2342 uxore
1023 2311 1184 2354 quaesita
1208 2322 1282 2344 non
1310 2322 1378 2356 pro
1400 2308 1526 2342 condi-

82 2352 183 2386 tione
210 2365 284 2394 sua,
320 2354 382 2387 sed
409 2366 515 2399 supra
539 2356 650 2400 ipsius
677 2354 884 2400 dignitatem
912 2356 1044 2396 nobili,
1070 2368 1205 2401 poenas
1230 2358 1324 2390 haud
1349 2355 1528 2401 ignobiles

85 2399 197 2432 dedit.
247 2412 403 2447 namque
430 2402 574 2435 naribus
600 2403 759 2448 privatus
786 2407 850 2442 est,
877 2403 975 2448 quod
998 2403 1220 2438 adhinnisset
1241 2403 1338 2437 haud
1362 2403 1530 2443 honeste,

85 2446 141 2478 cui
168 2457 240 2480 non
265 2447 450 2489 debuerat,
476 2454 512 2482 et
536 2450 574 2482 in
608 2455 744 2493 tergum
781 2449 856 2482 eius
889 2449 1028 2494 flagella
1061 2451 1277 2485 insiluerunt
1303 2450 1525 2493 castigantiu-

84 2503 205 2526 verum
230 2505 302 2539 qua
329 2500 406 2528 erat
427 2497 601 2540 procacia,
630 2497 725 2530 omui
745 2496 881 2541 pudore
906 2496 1087 2542 deposita,
1115 2497 1213 2531 haud
1239 2496 1454 2537 abstinebat,
1481 2506 1532 2529 ne

86 2540 170 2573 risui
194 2546 298 2580 esset,
319 2543 509 2586 quominus
535 2544 572 2576 in
590 2543 773 2588 publicum
794 2543 966 2588 prodiret,
992 2543 1053 2577 sed
1079 2551 1248 2591 tanquam
1265 2544 1360 2578 nihil.
1384 2543 1531 2576 commi-

86 2587 201 2628 sisset,
217 2588 427 2621 circumibat
442 2589 499 2621 ubi
515 2595 596 2622 aute
611 2590 737 2624 solitus
753 2591 880 2630 suerat,
894 2596 1074 2627 ostentans
1093 2593 1278 2624 audaciam
1291 2597 1327 2624 et
1341 2589 1532 2636 impuden-

87 2634 181 2676 tiam,
201 2639 308 2679 atque
323 2635 372 2669 ita
387 2637 542 2680 speciem
561 2638 738 2678 affectans,
758 2649 796 2670 ac
822 2638 850 2671 si
867 2638 961 2673 nihil
979 2643 1080 2683 turpe
1102 2644 1163 2672 aut
1176 2639 1319 2672 fecisset
1337 2643 1399 2671 aut
1411 2648 1536 2683 passus

89 2687 194 2714 esset.
220 2681 344 2727 itaque
359 2693 468 2727 quum
487 2682 531 2715 ab
557 2683 719 2717 omnibus
736 2689 1024 2718 contemneretur
1039 2691 1074 2718 et
1093 2685 1318 2719 matrimonio
1337 2685 1402 2718 illo
1421 2683 1536 2717 subii·

86 2727 135 2760 mi
161 2728 350 2762 excidisset
367 2741 431 2763 nec
450 2729 557 2762 alium
573 2730 711 2764 videret
728 2742 913 2768 ascensum
925 2756 939 2773 Ἀ
963 2731 1024 2766 sed
1040 2732 1281 2779 imperatorias
1304 2732 1433 2766 frustra
1451 2731 1537 2765 fati·-
