1838 3132
640 113 1133 156 CHRONOGRAPfflm
1498 115 1588 160 175

137 215 274 268 Λέων,
307 214 388 253 τῶν
415 211 540 264 ἱερῶν
569 216 778 268 καγκέλων
813 215 892 255 τοῦ
920 217 1230 271 θυσιαστηρίου
1260 215 1487 272 ἁψάμενος,
1521 221 1587 262 δέ-

135 281 265 320 δωκεν
299 277 500 334 ἐγγυητὴν
540 278 615 321 τόν
651 278 1008 336 μεγαλομάρτυρα
1043 282 1119 323 τοῦ
1148 284 1370 340 Χριστοῦ,
1399 282 1590 327 ἑστώτων

132 347 215 386 τῶν
253 346 462 387 Ἰουδαίων
500 345 617 394 ἐκτὸς
659 348 740 387 τῶν
781 348 922 387 πυλῶν
966 349 1044 387 τοῦ
1084 350 1216 401 ναοῦ,
1249 349 1322 391 καί
1353 352 1589 404 δεχομένων

131 409 203 452 τόν
233 407 357 466 ὅρκον
386 413 487 466 παρ’
516 413 662 454 αυτοῦ.
720 411 792 452 καί
819 407 948 462 αὖθις
976 408 1106 470 ᾤχετο
1128 413 1297 465 ἕκαστος
1321 419 1383 467 εἰς
1401 415 1452 459 τά
1482 417 1586 461 ἴδια.

99 474 186 532 5η’ν
213 479 261 520 δὲ
287 480 366 520 τῶν
397 478 652 520 ἀνατολικῶν
679 476 909 533 στρατηγὸς
939 478 1028 522 τότε
1041 483 1221 532 Σισίνιος
1249 484 1461 539 πατρίκιος
1479 498 1490 509 ·
1517 488 1587 542 ἐφ’

132 538 184 586 οὗ
213 546 287 587 καί
312 547 439 588 Λέων
482 546 827 598 στρατολογηθείς
869 546 913 587 ἐν
954 547 1079 604 ὀλίγῳ
1113 549 1253 606 χρόνῳ
1283 552 1344 600 εἰς
1374 550 1588 607 προκοπήν

127 609 327 666 μεγίστην
356 608 668 665 ἀναβιβάζεται,
697 610 938 665 σπαθοίριος
967 615 1279 669 προχειρισθεὶς
1306 614 1386 658 ὑπὸ
1416 608 1586 661 Ἰουστι-

128 678 276 718 νιανοῦ
302 679 377 719 τοῦ
400 675 669 732 ῥινοτμητου.
736 677 811 718 καί
836 676 889 719 τὰ
917 675 1093 733 ἑσπέρια
1123 681 1384 738 ἐκπεμφθείς
1410 687 1483 726 καί
1511 701 1588 736 με·

129 741 180 785 τοὶ
222 744 403 797 μεγάλης
438 742 553 797 νίκης
607 741 801 786 α’νελθών
851 748 1152 802 προεχειρίσθη
1193 747 1308 802 παρὰ
1359 751 1587 793 Θεοδοσίου

73 823 116 858 10
127 807 357 866 στρατηγὸς
385 810 444 859 εἰς
472 808 689 864 α’νατολήν.
748 809 826 865 την
867 813 915 853 δὲ
941 814 1162 865 βασιλείαν
1191 815 1331 862 αὐτοῦ,
1351 819 1586 872 κρατήσαν-

125 892 195 926 τος
221 876 360 934 τρόπῳ
406 877 478 934 οἴῳ
508 879 780 932 προείρηται,
818 882 1059 933 προσῆλθον
1099 880 1138 922 οἱ
1165 879 1338 933 μα’ντεις
1371 882 1409 925 οἱ
1441 886 1589 927 τοῦτον

120 941 570 998 χρησμοδοτήσαντες,
609 945 682 984 καί
728 945 1095 1000 δεξιολαβηθὲντες
1125 947 1352 992 ἀπαιτοῦσι
1380 952 1480 1005 παρ’
1508 952 1588 993 αὕ-

123 1012 199 1052 τοὺ·
227 1007 303 1064 τήν
333 1007 588 1063 ὑπόσχεσιν·
653 1011 729 1052 τοῦ
760 1013 808 1053 δὲ
849 1009 1026 1065 ἐτοᾴιως
1055 1014 1409 1068 ἐπαγγειλαμένου
1438 1018 1584 1059 ‹inoda-

125 1074 247 1117 δόναι
274 1077 428 1129 αὐτοῖς,
459 1072 575 1117 εἶπον
605 1076 643 1118 οἱ
670 1077 876 1132 θεομάχοι
902 1081 1051 1120 “wito
1082 1080 1320 1134 αἰτούμεθα
1348 1083 1464 1139 παρὰ
1494 1086 1584 1140 σοῦ,

71 1145 311 1196 15βασιλεῦ,
343 1146 412 1185 ἵνα
439 1142 510 1185 τὸν
535 1146 786 1199 χαρακτῆρα
818 1147 895 1186 τοῦ
918 1145 1177 1200 Ναζωραίου
1193 1150 1388 1203 Χριστοῦ
1414 1151 1489 1192 καί
1511 1153 1583 1206 τῆς

122 1207 278 1263 μητρὸς
310 1210 441 1252 αὐτοῦ
489 1213 562 1252 καί
590 1210 756 1253 πάντων
785 1214 868 1253 τῶν
897 1211 1026 1267 ἁγίων
1054 1215 1101 1256 ἐκ
1133 1213 1268 1270 πάσης
1296 1217 1583 1274 ἐκκλησιαστι-

121 1277 195 1327 κῆς
223 1273 404 1329 ἱστορίας
433 1278 698 1334 α’παλείψῃς,
727 1280 802 1319 καί
837 1279 955 1320 τοῦτο
984 1281 1114 1322 ποιῶν
1149 1284 1314 1333 μέλλεις
1343 1281 1585 1336 βασιλεύειν

123 1335 225 1394 ἄχρι
253 1342 414 1395 χρόνων
446 1339 590 1383 ἑκατὸν
618 1345 662 1384 ἐν
690 1344 742 1400 τῇ
771 1346 889 1401 γενεᾷ
918 1346 1036 1386 σου.”
1066 1345 1087 1386 ὅ
1120 1349 1165 1390 δὲ
1198 1348 1422 1403 ἀλιτήριος,
1453 1349 1582 1405 ἀστή-

129 1423 264 1460 ρικτος
297 1405 356 1450 (ὃν
399 1411 452 1464 τῇ
482 1412 642 1463 πίστει,
684 1406 936 1463 ἑτοιμότατα
982 1411 1030 1453 τὸ
1073 1416 1247 1468 αἰτηθὲν
1274 1417 1583 1472 ἐπαγγέλλεται,

66 1480 111 1515 20
124 1475 197 1514 καί
223 1473 328 1530 πρὸς
354 1477 475 1517 τοῦτο
507 1471 588 1530 ἤδη
615 1476 778 1529 ἐχώρει.
835 1478 991 1534 ἐτέχθη
1032 1480 1079 1521 δὲ
1108 1482 1166 1538 τῷ
1194 1482 1394 1535 δυσσεβεῖ
1415 1485 1589 1533 βασιλεῖ

124 1541 278 1583 Λέοντι
306 1541 398 1590 υἱὸς
427 1541 605 1595 ὀνόματι
626 1546 970 1599 Κωνσταντΐνος,
1002 1541 1050 1586 ὂν
1081 1547 1125 1588 ἑν
1159 1549 1211 1603 τῇ
1241 1547 1340 1605 ἁγίᾳ
1369 1547 1582 1605 κολυμβή-

122 1610 210 1664 θρᾳ
254 1611 300 1650 ἐν
342 1610 400 1665 τῷ
422 1610 703 1661 βαπτίζεσθαι
749 1608 846 1667 [ὥς]
890 1627 1021 1666 φασιν
1057 1614 1317 1668 α’φοὸεῦσαι,
1350 1614 1485 1657 δεινὸν
1511 1615 1586 1659 καὶ

124 1676 313 1723 δυσῶδες
341 1679 640 1731 προσημαίνων
669 1675 903 1730 τεκμήριον.
975 1677 1347 1733 μεταστειλάμενος
1376 1680 1457 1735 γάρ
1489 1684 1584 1735 μετ’

124 1742 177 1782 ου’
216 1741 323 1783 πολύ
361 1741 578 1796 Γερμανὸν
625 1743 893 1798 πατριάρχην
933 1743 956 1784 ὅ
995 1746 1198 1797 βασιλευς
1237 1742 1392 1801 ἤρξατο
1433 1748 1582 1804 λόγους

219 1865 271 1900 13.
299 1864 412 1902 αὐτοῦ
437 1863 517 1915 τὴν]
547 1862 661 1911 αὐτὴν
687 1868 714 1900 C

71 1994 74 1997 ·
123 1982 302 2015 cancellos
335 1982 519 2027 amplexus
552 1993 615 2026 per
654 1981 830 2014 Christum
870 1983 1020 2023 iuravit,
1056 1982 1233 2016 stantibus
1271 1987 1369 2016 extra
1408 1985 1582 2030 templum

123 2028 260 2062 Iudaeis
287 2035 324 2062 et.
348 2029 595 2062 iusiurandum
622 2029 699 2062 eius
727 2029 997 2074 accipientibus.
1047 2035 1122 2063 tum
1152 2031 1303 2077 quisque
1332 2041 1395 2063 sua
1420 2032 1476 2064 via
1505 2044 1585 2077 per-

123 2077 223 2110 rexit.
273 2082 348 2110 erat
379 2081 454 2110 tum
492 2077 529 2110 in
556 2077 706 2110 Oriente
733 2076 805 2109 dux
832 2076 983 2110 Sisinius
1019 2078 1207 2123 patricius,
1232 2077 1297 2111 sub
1326 2089 1397 2123 quo
1425 2079 1585 2113 militans

123 2123 322 2158 Leoxbrevi
359 2129 523 2168 tempore
561 2124 606 2156 ad
632 2135 784 2157 summas
818 2123 1014 2167 dignitates
1047 2130 1237 2170 provectus
1276 2131 1356 2167 est,
1382 2126 1586 2171 spatharius

125 2170 237 2204 sactus
262 2182 282 2204 a
319 2172 519 2204 Iustiniano
555 2171 782 2206 Rhinometo.
847 2172 885 2204 in
928 2171 1152 2206 occidentem
1186 2173 1312 2207 missus
1337 2185 1448 2219 quum
1472 2174 1587 2208 victor

126 2218 286 2260 redisset,
312 2230 332 2251 a
358 2218 567 2252 Theodosio
595 2219 669 2252 dux
697 2225 751 2252 est
776 2219 934 2252 Orientis
971 2219 1199 2253 constitutus.
1250 2225 1376 2267 postea
1403 2233 1513 2266 quum
1543 2233 1584 2255 ea

126 2266 274 2306 ratione,
304 2277 374 2310 qua
411 2266 584 2307 diximus,
614 2277 723 2311 regno
765 2266 902 2311 potitus
943 2271 1058 2307 esset,
1095 2267 1264 2301 adierunt
1289 2279 1371 2302 eum
1396 2274 1494 2303 vates
1521 2270 1584 2313 qui

124 2313 388 2357 praedixerant,
415 2320 452 2347 et
476 2314 658 2358 promissis
683 2319 724 2346 ut
763 2319 873 2347 staret
904 2314 1189 2358 postulaverunt.
1239 2316 1301 2361 qui
1332 2327 1442 2361 quum
1467 2327 1505 2349 se
1529 2316 1586 2348 fa-

124 2371 204 2392 core
230 2360 323 2393 velle
340 2360 574 2404 significasset
603 2361 772 2394 dixerunt
795 2361 871 2393 illi:
899 2360 993 2394 “hoc
1017 2366 1054 2394 te
1079 2361 1284 2406 poscimus,
1312 2373 1386 2403 rex,
1416 2368 1455 2396 ut
1479 2362 1583 2397 Chri—

125 2408 171 2439 sti
201 2412 238 2440 et
266 2408 388 2439 matris
414 2409 491 2440 eius
516 2414 553 2442 et
576 2409 734 2442 omnium
773 2413 975 2441 sanctorum
1001 2409 1148 2442 nomina
1177 2421 1221 2443 ex
1245 2415 1321 2444 tota
1348 2410 1585 2444 ecclesiastica

124 2454 275 2486 historia
301 2453 441 2496 deleas3
468 2455 566 2500 quod
592 2457 621 2488 si
649 2456 790 2497 feceris,
820 2455 885 2489 100
919 2467 1033 2489 annos
1061 2455 1188 2490 domus
1216 2462 1278 2490 tua
1304 2457 1501 2502 regnabit.”
1527 2457 1584 2491 in-

123 2513 231 2534 sanus
257 2500 321 2534 ille
347 2506 384 2534 et
409 2502 583 2536 fluctuans
609 2502 679 2536 fide
709 2502 948 2536 libentissime
980 2504 1162 2548 postulata
1190 2504 1286 2546 fecit,
1313 2510 1349 2538 et
1373 2505 1419 2537 ad
1444 2505 1587 2550 perfici-³

124 2548 217 2582 enda
242 2559 279 2581 se
303 2548 469 2582 accinxit.
518 2556 623 2583 natus
652 2555 708 2584 est
734 2550 846 2595 impio
884 2551 997 2584 Leoni
1023 2551 1117 2584 filius
1145 2552 1290 2585 nomine
1316 2551 1586 2594 Constantinus,

125 2607 230 2641 quem
259 2596 296 2628 in
324 2601 446 2629 sancto
471 2595 696 2643 baptisterio,
723 2597 835 2643 qiulm
871 2596 1114 2642 baptizaretur
1140 2610 1279 2632 cacasse
1303 2604 1462 2640 narrant,
1488 2599 1586 2644 quod

125 2644 255 2676 malum
283 2647 320 2675 et
343 2642 489 2675 foedum
518 2644 587 2677 fuit
613 2656 730 2678 omen.
790 2646 957 2678 arcessito
982 2646 1091 2691 paulo
1118 2651 1201 2691 post
1224 2646 1404 2679 Germano
1431 2647 1586 2692 patriar-

124 2690 190 2724 cha
217 2690 395 2735 illatoque
421 2689 573 2724 subdole
599 2703 762 2725 sermone
802 2692 974 2726 damnare
1003 2693 1126 2738 coepit
1151 2703 1274 2727 omnes
1299 2698 1381 2727 ante
1406 2705 1443 2728 se
1471 2695 1587 2741 impe-
