1838 3132
321 121 416 167 380
875 127 1206 168 EUSTATHIUS
1234 94 1238 99 Ι

428 224 550 268 Ἀλλά
581 227 624 267 τί
647 224 695 279 δὴ
728 225 999 278 παρενεχθείς
1038 225 1119 266 ὖπὸ
1154 226 1227 267 τοῦ
1261 226 1434 281 πάθους,
1462 225 1532 268 καί
1557 227 1637 268 τῶν
1663 223 1756 281 ἄρτι

316 290 389 333 καί
418 290 462 333 ἐν
492 293 729 347 ὀφθαλμοῖς
747 290 975 345 γενόμενος,
1005 292 1234 333 α’ποπλανῶ
1251 292 1323 333 τὸν
1341 290 1473 350 χρόνῳ
1501 294 1600 334 ποθ’
1628 288 1756 334 ὕστε-

317 373 391 411 ρον
420 354 696 408 ἀκουσόμενον
723 357 796 398 τοῦ
825 359 1119 413 συγγραφικοῖς
1149 358 1303 399 εἰδέναι
1334 356 1382 399 τὰ
1409 360 1490 399 τῶν
1520 361 1619 399 καθ’
1646 357 1758 412 ἡμᾶς

318 423 362 473 ἐξ
393 421 527 476 ἀρχῆς
557 417 660 475 ἄχρι
690 421 763 464 καί
788 424 976 479 πέρατος,
1006 425 1074 465 ἵνα
1102 425 1431 478 παρακολουθῶν
1458 424 1585 478 εἰδείη
1601 425 1644 475 ἐξ
1659 423 1757 466 οἴων

317 491 401 529 τῶν
431 490 563 528 πάλαι
594 484 662 530 οἷα
693 487 744 529 τοὶ
775 490 859 540 νῦν,
884 491 957 529 καί
991 487 1042 530 τὰ
1074 491 1151 541 μὲν
1178 489 1437 541 παθαίνοιτο,
1467 488 1517 530 τὰ
1551 490 1598 530 δὲ
1621 485 1789 538 ὅλλωςὸ

318 551 557 607 θαυμάζοι,
602 554 653 594 τὰ
679 555 724 595 δὲ
758 557 855 609 καί,
879 553 994 609 εἴπερ
1028 556 1180 606 ἐθέλοι,
1209 553 1416 607 μανθάνοι
1445 556 1543 595 καθ’
1574 553 1757 608 ἱστορίαν

320 621 613 674 ἑπιλεγομένην
641 615 720 662 ὅσα
749 626 835 668 τοῖς
876 622 951 662 νῦν
980 619 1272 674 συγκυρὴμασι
1308 619 1529 674 χρήσιμα,
1557 621 1602 661 τί
1624 622 1670 662 δὲ
1696 620 1754 675 μὴ

319 682 506 740 κεφαλήν
528 701 617 726 τινα
649 687 819 741 ἐφιστῶ,
848 685 958 727 καθά
988 702 1067 727 τινι
1099 683 1286 738 σώματι,
1322 687 1371 742 τῇ
1401 687 1624 741 συγγραφῇ
1653 685 1758 728 ταύ-

318 768 382 808 τῃ,
409 752 464 792 δι’
491 745 540 806 ἧς
569 753 826 804 καταβαίνων
862 753 919 809 τῷ
946 751 1050 809 λόγῳ
1090 753 1329 806 προποδίσω
1367 751 1548 806 eddam,
1579 749 1684 793 ἔνθα
1709 750 1754 795 τι)

316 815 508 871 ἔσχατον,
536 815 655 858 ἔνθεν
683 813 818 870 ἓλώνς
1771 826 1813 860 20

425 885 596 925 Μέλλον
631 878 739 923 εἶναι
777 883 996 938 φαίνεται,
1036 881 1147 924 καθὰ
1176 883 1261 940 θεῷ
1299 883 1558 939 ειῖηρὲστητο,
1588 878 1756 926 πεσόντι

315 949 602 1006 τῷΚομνηνιῇ
638 951 810 1001 βασιλεῖ’
830 948 1038 1004 Μανουὴλ
1076 954 1405 1003 συγκαταπεσεῖν
1447 948 1519 990 καί
1559 948 1604 992 εἴ
1641 966 1684 991 τι
1711 949 1756 992 ἐν
1803 951 1807 962 ”

308 1013 536 1068 “Ρωμαιόις
565 1010 726 1069 ὄρθιον,
753 1017 826 1057 καί
844 1013 900 1065 ὥς
927 1011 996 1057 οἷα
1015 1015 1135 1071 ἡλίου
1155 1017 1311 1057 ἐκείνου
1332 1014 1590 1064 ἐπιλιπόντος
1619 1016 1757 1069 ἀμαυ-

316 1080 392 1134 ρὰν
420 1083 615 1134 γενέσθαι
642 1082 780 1122 πᾶσαν
807 1078 880 1135 τὴν
905 1082 999 1122 καθ’
1028 1080 1150 1135 ἡμᾶς.
1208 1083 1359 1122 ου’κοῦν
1387 1082 1573 1135 α’πῆλθεν
1601 1083 1756 1130 ἐκεῖνος

316 1146 423 1189 ἔνθα
454 1147 594 1200 ἐχρῆν,
624 1145 828 1200 διαδοχὴν
873 1145 994 1201 ἀφεῖς
1021 1149 1163 1201 γένους
1200 1145 1279 1200 οὔχ
1309 1149 1399 1189 οἵαν
1430 1148 1566 1201 ἐχρῆν.
1622 1149 1753 1189 παῖδα
1770 1151 1811 1186 15

315 1211 397 1266 γάρ
426 1211 571 1267 μικρόν
599 1228 639 1253 τι
668 1210 964 1267 παρηλλαχότα
991 1211 1063 1254 τὸν
1093 1212 1382 1270 παναφήλικα,
1424 1212 1479 1267 μή
1514 1211 1579 1254 ὅτι
1607 1229 1651 1267 γε
1676 1217 1755 1267 βα-

317 1276 477 1326 σιλείας
514 1279 710 1332 μεγίστης
748 1283 915 1331 κρατεῖν
957 1280 1032 1319 ου’κ
1076 1277 1227 1333 ἔχοντα
1261 1280 1314 1320 δι’
1342 1276 1510 1330 ἑαυτοῦ,
1542 1281 1632 1321 ἄλλ’
1657 1280 1755 1321 ου’ὃὲ

320 1341 425 1385 κατὰ
457 1345 610 1392 παῖδας
631 1344 922 1386 διατεθεῖσθαι
939 1345 1127 1398 στερεῶς,
1156 1341 1302 1397 ἀμέλει
1320 1345 1392 1386 καί
1407 1346 1609 1399 ἐπέτρεψε
1635 1342 1755 1399 φθά-

317 1426 394 1459 σας
421 1407 618 1464 κηδεμόνι
645 1407 715 1450 τὸν
742 1408 835 1451 υἱὸν
865 1411 917 1466 τῇ
943 1409 1082 1466 μητρί,
1110 1411 1276 1465 ἐρώτων
1305 1407 1408 1469 οὔσῃ
1443 1408 1589 1469 ὦραίᾳ,
1619 1412 1665 1454 εἰ
1683 1411 1756 1454 καί

315 1474 575 1529 κρύπτεσθαι
608 1473 761 1524 αὖτούς
782 1477 1047 1531 ἐπηγγείλατο
1063 1478 1208 1533 ἐκείνη,
1237 1476 1308 1519 τὸν
1329 1480 1404 1520 τοῦ
1432 1478 1606 1527 κάλλους
1637 1474 1752 1532 ἥλιον
1763 1486 1809 1521 20

315 1543 601 1594 πνευματικῶς
631 1539 854 1597 νεφώσασα
885 1542 990 1584 κατὰ
1019 1545 1242 1599 περιβολὴν
1259 1547 1472 1598 μέλαιναν.
1501 1543 1539 1586 οἱ
1570 1544 1618 1598 δὴ
1649 1542 1754 1598 ἔρω-

314 1623 382 1655 τες
413 1609 559 1648 ἐκεῖνοι
585 1607 905 1664 πυρσεύσαντες,
938 1606 992 1658 ὥς
1019 1605 1071 1651 ἂν
1097 1610 1243 1651 εἰδεῖεν
1275 1611 1406 1665 αὐτοί,
1433 1610 1601 1665 ἀνῆψαν
1628 1609 1754 1651 κακὸν

316 1674 523 1727 κοσμικόν.
593 1676 664 1716 καί
692 1669 798 1730 ἦσαν
835 1676 913 1728 μὲν
939 1675 1012 1718 καί
1036 1674 1150 1718 ἄλλοι
1177 1677 1253 1717 τοῦ
1292 1674 1593 1732 ἐπιτροπεύειν,
1621 1678 1665 1718 ἐν
1692 1671 1752 1727 οἷς

410 1840 479 1873 Sed
502 1840 589 1886 quid
607 1841 730 1875 dolore
755 1842 922 1887 abreptus
947 1848 984 1877 et
1007 1843 1146 1877 delatus
1163 1843 1208 1876 ad
1229 1856 1283 1885 ea,
1307 1856 1398 1890 quae
1426 1846 1625 1890 praesentia
1653 1850 1689 1878 et
1711 1847 1750 1880 in

319 1887 432 1920 oculis
461 1894 554 1928 sunt,
578 1888 752 1933 prohibeo
778 1890 948 1923 lectorem
971 1902 1053 1923 mox
1079 1891 1203 1923 ordine
1231 1891 1319 1923 haec
1346 1893 1579 1936 cogniturum,
1608 1894 1749 1938 quomi-

317 1946 383 1967 nus
409 1934 452 1966 ab
476 1935 582 1968 initio
608 1935 651 1968 ad
676 1936 782 1969 finem
806 1937 932 1978 discat,
956 1948 1049 1982 quae
1064 1937 1168 1970 nobis
1194 1938 1410 1980 acciderunt,
1438 1945 1476 1972 ut
1501 1939 1668 1984 deinceps
1695 1940 1751 1973 in-

318 1982 468 2025 telligat,
496 1994 539 2015 ex
562 1994 632 2026 quo
668 1988 762 2016 statu
788 1995 899 2016 rerum
925 1985 1034 2029 priori
1077 1996 1169 2029 quae
1208 1991 1285 2018 orta
1310 1986 1380 2018 sint
1403 1987 1612 2030 praesentia,
1640 1992 1750 2030 utque

318 2029 390 2060 alia
418 2028 624 2068 detestetur,
648 2031 797 2063 miretur
833 2032 902 2063 alia
920 2056 930 2072 ‚
954 2032 1129 2064 nonnulla
1156 2033 1278 2073 etiam,
1306 2034 1335 2065 si
1362 2033 1461 2074 velit,
1486 2033 1596 2065 discat
1625 2045 1666 2065 ex
1689 2033 1750 2065 hi-

319 2076 427 2108 storia
452 2081 568 2107 nostra
591 2075 635 2108 ad
658 2083 880 2121 praesentem
910 2090 1024 2111 rerum
1054 2079 1355 2123 perturbationem
1385 2091 1457 2112 non
1483 2081 1634 2113 inutilia.
1663 2081 1750 2124 quin

318 2122 487 2154 historiae
511 2121 604 2161 huic,
629 2123 719 2157 sicut
742 2125 893 2169 corpori,
919 2131 1028 2170 caput
1050 2125 1198 2170 aliquod
1218 2127 1383 2171 praefigo,
1409 2126 1501 2159 unde
1521 2126 1750 2172 progrediens

318 2169 513 2201 narrationi
551 2175 693 2203 nostrae
720 2172 812 2205 viam
839 2177 1017 2213 sternam,
1051 2172 1264 2218 principium
1297 2184 1339 2205 ex
1377 2184 1419 2206 eo
1450 2181 1624 2219 repetens,
1653 2173 1750 2219 qnod

319 2215 480 2248 ultimum
509 2221 573 2248 est.

410 2263 579 2295 Futurum
608 2274 682 2296 esse
719 2270 889 2309 apparet,
914 2265 1106 2299 seeundum
1135 2276 1197 2305 ea,
1231 2277 1321 2311 quae
1360 2266 1426 2299 deo
1452 2267 1685 2312 placuerunt,
1710 2273 1751 2300 ut

319 2320 397 2341 cum
422 2309 634 2353 imperatore
657 2311 823 2344 Manuele
856 2313 1038 2346 Comneno
1075 2313 1226 2345 intereat
1258 2314 1366 2346 etiam
1399 2315 1427 2346 si
1462 2313 1549 2359 quid
1583 2314 1751 2347 Romanis

319 2356 506 2398 integrum,
534 2362 570 2390 et
597 2357 805 2391 obscuretur
819 2358 1092 2404 quodammodo,
1118 2365 1285 2402 tanquam
1310 2361 1384 2393 soie
1410 2360 1610 2401 deficiente,
1636 2361 1748 2394 omnis

319 2408 411 2435 terra
436 2409 566 2436 nostra.
629 2405 764 2450 quippe
788 2406 883 2439 haud
909 2407 1060 2439 decessit
1085 2407 1167 2447 ille,
1194 2407 1338 2451 quando
1367 2407 1550 2447 debuerat,
1575 2419 1640 2440 nec
1666 2407 1750 2440 reli-

318 2454 376 2481 cto
417 2450 554 2494 imperii
590 2451 765 2491 haerede,
792 2454 888 2498 quali
932 2453 1114 2486 debuerat.
1175 2454 1284 2486 filium
1319 2455 1412 2487 enim
1447 2455 1506 2487 vix
1531 2464 1706 2498 egressum
1730 2464 1751 2487 e

318 2497 450 2540 pueris,
478 2497 539 2542 qui
559 2510 631 2531 non
648 2498 752 2531 modo
769 2511 893 2544 magno
913 2501 1059 2546 imperio
1085 2511 1246 2543 praeesse
1276 2501 1362 2544 ipse,
1387 2501 1449 2534 sed
1474 2512 1518 2533 ne
1543 2500 1751 2534 adolescen-

319 2548 372 2575 tes
397 2543 539 2588 quidem
572 2556 689 2588 regere
717 2553 836 2589 posset
862 2552 1015 2588 strenue,
1052 2547 1187 2579 tutelae
1217 2547 1323 2579 etiam
1347 2548 1466 2581 matris
1501 2552 1631 2580 temere.
1655 2552 1752 2579 c'om-

319 2590 481 2630 miserat,
507 2592 665 2624 mulieris
689 2593 820 2626 Veneri
845 2600 1016 2634 maturae,
1040 2594 1177 2626 tametsi
1204 2605 1280 2626 eam
1308 2594 1527 2627 dissimulare
1553 2593 1751 2632 affectabat,

321 2636 396 2668 sole
422 2638 672 2682 pulcritudinis
701 2641 800 2683 quasi
829 2641 1015 2674 obscurato
1039 2646 1134 2673 veste
1164 2641 1273 2683 pulla.
1302 2653 1422 2674 verum
1446 2641 1566 2674 Venus
1590 2640 1666 2680 ina,
1690 2649 1750 2671 ac-

321 2693 423 2716 censa
450 2685 539 2725 sace,
579 2693 617 2720 ut
643 2689 825 2721 consuevit
841 2715 850 2730 ,
873 2687 1046 2721 flammam
1070 2689 1235 2721 excitavit
1270 2699 1332 2734 per
1358 2688 1478 2722 orbem
1502 2694 1669 2721 terrarum
1691 2685 1753 2738 in-
