1838 3132
289 154 364 194 DE
385 154 787 197 Tnssssixtomctl
812 154 848 195 A
873 154 1079 195 tumus
1105 132 1292 195 cA'PTA.
1412 148 1505 193 385

80 250 152 297 καί
175 249 394 307 ἐκρήγνυσι
436 252 481 295 τὸ
513 253 742 307 ἑνδὸμυχον
786 250 907 295 ὁποῖά
936 268 998 302 τις
1028 250 1170 308 τυφιός
1195 250 1416 306 ταρτάριος
1443 252 1509 302 βί-

73 325 183 366 αιος.
238 317 278 360 οἱ
308 321 447 361 τοίνυν
489 322 703 372 Καίσαρες
740 318 1046 374 βεβαιώσαντες
1075 316 1119 360 td
1146 320 1235 366 δέος
1279 319 1323 358 ὲν
1347 314 1512 363 ἑαυτοῖς

79 384 157 423 οιῖκ
181 379 296 437 εἶχον
334 383 404 426 τὸν
432 387 529 426 νοῦν
571 384 676 438 πρὸς
702 390 789 433 τοῖς
815 387 1009 426 λαλοῦσιν
1036 381 1094 434 ὥς
1120 385 1180 432 εἰς
1206 381 1376 437 α’γαθόν,
1405 379 1511 422 ἀλλὰ

78 449 134 505 τῷ
161 453 513 507 παραμεμιγμένῳ
540 448 779 504 πικράζοντι
821 450 892 491 καί
924 448 970 491 τὸ
1000 447 1217 504 γλυκάζειν
1243 450 1389 490 δοκοῦν
1414 447 1515 488 ὑπε-

43 516 289 568 5βλέποντο,
320 514 656 568 ἐπιτυγχάνοντες
686 515 808 556 τιν’τοί
834 513 952 557 τοῦτο’
983 531 1040 569 γε.
1096 514 1151 563 ὥς
1180 510 1252 556 οὖν
1278 516 1515 567 α’πὲγνωστο

73 577 103 633 ἦ
132 582 212 622 τῶν
242 579 484 635 Καρσάρων
513 581 659 635 πειθώ,
690 581 766 622 καί·
790 578 846 630 ὥς
873 576 946 622 οὖκ
974 580 1091 622 ἔσται
1123 581 1258 622 αὐτῶν
1284 576 1415 633 ἄγραν
1440 581 1516 619 θέ-

78 648 182 688 σθαι
209 645 280 689 dea*
315 644 440 688 δόλου
473 648 708 700 διέγνωστο,
738 653 1000 688 κατανοεΐται
1026 650 1122 699 βία,
1151 649 1223 687 καί
1248 644 1293 687 τὸ
1320 648 1396 687 τοῦ
1423 641 1515 685 στό-

78 727 204 764 ματος
230 709 393 754 ἁπαλὸν
421 711 580 766 σκληρά
607 714 702 767 χείρ
725 714 980 767 διαδέχεται,
1001 713 1071 754 καί
1097 711 1172 761 τὰς
1183 712 1355 765 βολίδας
1384 711 1517 764 γλιόσ-

78 792 155 828 σας
181 779 472 826 συστείλαντες
503 777 541 819 οἱ
566 780 818 820 δεσποινικοί
843 777 920 827 τάς
945 781 990 821 ἑκ
1008 777 1183 833 σιδήρου
1200 780 1403 831 μελετῶσι
1430 791 1518 830 χει..

26 849 67 883 10
79 845 296 896 ρίσασθαι.
363 845 434 886 καί
473 845 615 898 πρῶτα
644 844 760 893 Ῐκατοὶ
800 847 875 887 τοῦ
903 843 1108 900 ἴεράρχου
1134 844 1422 899 τραχύνονται,
1454 838 1518 883 ὅτι

75 906 134 963 μὴ
171 910 243 963 τῆς
287 910 622 964 ἑκκλησιαστικῆς
659 909 956 965 προϊστάμενος
992 909 1050 960 ὥς
1089 910 1218 952 εἰπεῖν
1256 907 1519 963 ἀκροπόλεως

78 975 357 1029 καταπρΐεται.
386 975 485 1024 τούς
530 979 878 1028 πεπιστευμένους
908 973 1044 1033 ξαῦτῇ,
1087 976 1425 1028 συνειλεγμένους
1461 976 1520 1022 εἰς

78 1037 187 1081 πάνυ
224 1040 381 1083 πυκνὸν
416 1047 563 1097 στῖφος
597 1044 671 1083 καί
708 1042 808 1084 οὐδὲ
837 1042 1016 1095 ἀγεννές.
1083 1044 1156 1083 καί
1182 1040 1349 1095 γίνεται(
1365 1055 1427 1088 τις
1455 1041 1518 1081 ἑν-

77 1108 219 1148 watra
237 1106 474 1162 συγγραφή,
503 1107 648 1149 ὁποίαν
677 1108 839 1160 δαίμων
870 1103 921 1149 ἂν
951 1106 1214 1161 τεχνάσαιτο.

26 1180 67 1214 15
180 1167 260 1214 Ἦν
287 1171 411 1227 ἑορτή
440 1174 603 1228 μεγάλη
632 1175 704 1215 τοῦ
731 1172 939 1228 σωτηρίου
969 1172 1126 1227 πάσχα,
1154 1172 1227 1214 καί
1258 1167 1440 1227 ὤφειλον
1466 1171 1520 1228 τῷ

75 1238 242 1289 βασιλεῖ
266 1237 491 1291 ἀσπασμὸν
528 1236 554 1294 ἧ
585 1238 898 1294 ἐκκλησιαστικὴ
938 1238 1086 1294 λογάς,
1114 1235 1228 1287 ὅσοις
1255 1239 1299 1280 τό
1333 1238 1521 1279 τοιοῦτον
1533 1238 1600 1271 273

76 1302 283 1345 ἀνέκαθεν
319 1303 552 1359 ἐψήφισται
599 1306 778 1360 φίλημα.
843 1304 899 1355 ὥς
927 1306 974 1347 δὲ
1013 1307 1087 1347 καί
1111 1303 1181 1347 τὸν
1209 1305 1410 1358 α’ρχιερέα
1436 1300 1522 1343 ἔδει

77 1375 309 1426 κορυφαῖον
337 1376 531 1424 παρεῖναι
560 1371 633 1413 καί
658 1369 862 1426 κατάρξαι
890 1373 965 1425 τῆς
993 1371 1165 1427 ὄφειλῆς
1195 1375 1271 1429 (τῷ
1293 1373 1339 1413 δὲ
1367 1366 1419 1424 ἦν
1449 1371 1523 1421 δῆ-

78 1438 149 1477 λον
178 1435 233 1484 ὥς
260 1435 305 1478 τό
335 1437 519 1480 τοιοῦτον
549 1438 713 1493 φίλημα
741 1439 989 1492 παραδώσει
1006 1437 1145 1493 αὐτόν,
1164 1437 1284 1480 atara*
1297 1454 1339 1479 τι
1368 1435 1522 1490 ὅμοίω-

21 1513 67 1548 20
77 1517 138 1551 μοι
164 1502 239 1542 τοῦ
264 1499 449 1555 μεγάλου
477 1503 582 1544 θεοῦ
610 1502 683 1544 καί
709 1505 895 1558 σωτῆρος
927 1499 1061 1557 ἡμῶν,
1092 1506 1168 1544 τοῦ
1198 1504 1421 1557 Χριστοῦ),
1451 1504 1523 1543 καί

78 1565 228 1606 ἐδεδίει
257 1567 529 1621 α’νθρωπίνως
548 1565 715 1620 ἐκεῖνος,
744 1566 1050 1621 εὐλαβούμενος
1078 1568 1284 1622 ἀποβῆναι
1313 1567 1519 1620 κατάσχε-

78 1645 169 1684 τος,
196 1632 269 1672 καί
308 1626 466 1689 ὤκνησε
506 1632 582 1687 τὴν
609 1635 669 1682 εἰς
698 1631 751 1675 τά
785 1635 979 1686 βασίλεὶα
1020 1632 1131 1688 ὁδόν,
1158 1636 1312 1688 γίνεται
1336 1631 1517 1686 ἀναβολή

173 1753 205 1785 1.
232 1747 289 1799 ἦν]
318 1748 346 1786 ὦ
371 1754 402 1787 Τ

81 1860 203 1903 itaque
215 1859 391 1899 Caesares,
419 1859 622 1893 confirmata
651 1859 719 1893 sibi
743 1860 943 1902 formidine,
971 1860 1017 1894 ad
1041 1862 1266 1895 securitatem
1290 1860 1515 1894 hortantibus

80 1917 182 1939 aures
206 1905 303 1939 haud
328 1906 450 1939 faciles
483 1907 731 1952 praebuerunt,
765 1907 828 1940 sed
854 1913 1001 1952 propter
1028 1919 1082 1948 ea,
1105 1919 1198 1953 quae
1223 1907 1379 1941 admixta
1399 1913 1518 1941 essent

80 1952 217 1993 acerba,
245 1954 351 1987 etiam
376 1963 469 1997 quae
494 1953 612 1986 dulcia
635 1954 851 1994 viderentur,
876 1957 1038 1998 suspecta
1070 1954 1272 1994 habebant,
1296 1960 1332 1987 et
1359 1959 1452 1987 recte
1478 1955 1514 1986 id

79 1999 236 2045 quidem.
285 2010 394 2046 quare
418 2012 526 2046 quum
555 2001 785 2045 desperarent
811 2001 964 2033 asseclae
989 2001 1230 2046 imperatricis,
1263 2002 1338 2034 fore
1369 2007 1408 2034 ut
1435 2012 1514 2045 per-

79 2045 286 2079 suaderetur
302 2046 520 2088 Caesaribus,
534 2053 642 2092 atque
658 2048 912 2092 intelligerent,
939 2047 1022 2080 dolo
1048 2058 1085 2080 se
1112 2049 1152 2080 iis
1176 2048 1282 2093 potiri
1299 2059 1372 2083 non
1397 2059 1514 2092 posse,

79 2093 147 2126 vim
181 2091 420 2127 adhibendam
447 2105 523 2127 esse
567 2094 791 2134 decernitur,
825 2095 967 2139 orisque
1002 2093 1195 2128 blanditias
1230 2106 1353 2139 aspera
1382 2096 1513 2138 excipit

78 2151 215 2179 manus,
238 2146 346 2185 atque
376 2140 534 2174 cohibita
551 2142 672 2185 lingua
692 2141 846 2174 suaviori
869 2141 1017 2173 ferream
1040 2152 1162 2185 parare
1188 2143 1421 2175 constituunt.
1472 2151 1513 2173 ac

78 2188 228 2232 primum
253 2188 292 2220 in
329 2187 668 2232 archipresbyterum
699 2193 923 2233 asperantur,
960 2187 1058 2232 quod
1088 2197 1218 2229 sacrae,
1244 2194 1283 2221 ut
1307 2189 1358 2222 ita
1386 2188 1512 2226 dicam,

78 2234 151 2266 arci
177 2234 377 2278 praefectus
401 2235 551 2279 prodere
577 2235 736 2274 nolebat,
761 2235 823 2280 qui
850 2235 887 2267 in
919 2244 996 2266 eam
1019 2235 1267 2278 confugerant,
1293 2240 1435 2268 coactos
1474 2235 1511 2267 iu

78 2280 222 2324 globum
247 2280 495 2314 densissimum
519 2287 555 2315 et
579 2281 675 2315 haud
698 2282 959 2324 ingenerosum.
1009 2279 1093 2315 hinc
1120 2282 1189 2315 iam
1211 2284 1367 2316 narratio
1393 2282 1511 2326 sequi-

77 2333 146 2368 tur,
169 2328 285 2372 qualis
313 2327 478 2361 daemoni
503 2329 607 2361 alicui
633 2328 850 2374 pertexenda
874 2327 1047 2360 videatur.

169 2373 343 2407 Erat·dies
370 2375 530 2419 inprimis
547 2375 671 2416 festus,
697 2374 824 2420 pascha
847 2374 1041 2414 salvatoris,
1065 2373 1292 2419 debebatque
1318 2374 1510 2417 imperato-

77 2431 150 2452 rem
176 2420 321 2454 adorare
346 2421 534 2466 collegium
558 2422 794 2463 sacerdotum,
830 2421 960 2466 quibus
987 2420 1131 2466 quidem
1155 2433 1196 2453 ea
1219 2421 1395 2453 osculatio
1422 2420 1508 2451 inde

77 2478 98 2499 a
125 2467 239 2511 prisco
267 2473 425 2512 tempore
466 2468 631 2502 mandata
667 2475 752 2502 erat.
803 2480 912 2513 quum
949 2473 1065 2501 autem
1090 2468 1197 2502 etiam
1222 2466 1507 2511 archipresbyt&

78 2525 154 2546 rum
182 2514 307 2547 ducem
333 2516 481 2558 agminis
506 2522 689 2560 oporteret
712 2516 835 2549 adesse
861 2521 897 2548 et
924 2514 1082 2548 debitam
1100 2516 1238 2559 praeire
1264 2514 1508 2546 adorationem

77 2561 164 2605 (qua
191 2561 409 2595 osculatione
434 2563 659 2596 manifestum
678 2569 764 2602 erat,
790 2563 865 2596 sore
891 2567 929 2594 ut
952 2562 1171 2606 proderetur,
1198 2561 1360 2604 exemplo
1389 2559 1508 2601 magni

78 2605 136 2640 dei
163 2606 415 2642 et‘salvatoris
444 2609 558 2643 nostri
591 2611 671 2643 Iesu
697 2609 870 2655 Christi),
904 2609 1109 2655 veritusque
1133 2609 1210 2647 ille,
1238 2611 1416 2652 quaeest
1444 2617 1508 2638 na-

77 2659 155 2686 tura
179 2653 345 2695 humana,
370 2666 415 2688 ne
440 2656 597 2700 captivus
621 2658 739 2697 fieret,
766 2655 811 2689 ad
835 2655 1010 2701 palatium
1037 2657 1090 2701 ire
1114 2659 1352 2694 cunctaretur,
1375 2663 1507 2686 moram

77 2702 211 2745 patitur
245 2702 350 2735 solita
384 2702 558 2736 osculatio
592 2703 826 2749 differturque
858 2703 896 2736 in
923 2707 1062 2748 tempus
1088 2700 1199 2740 aliud,
1229 2699 1432 2746 imperatori
1457 2701 1506 2732 si-

154 2775 224 2809 Leo
253 2777 526 2811 Grammaticus.
1210 2772 1255 2807 25
