1838 3132
319 152 391 191 DE
414 146 814 191 THESSALOMCA
840 146 878 188 A
902 143 1111 193 LATiNis
1135 146 1327 202 CAPTA.
1441 128 1538 179 453

105 253 186 293 τῶν
210 251 485 304 μεταφρένων
517 247 796 302 ἐκρύπτοντο,
826 247 848 296 δ
879 249 924 291 δὲ
953 250 1092 300 λοιπὸς
1133 244 1356 304 ἅνθρωπος
1384 243 1540 299 ἑκάστῳ

105 316 270 359 ἐκείνων
307 313 388 366 ἔξω
425 312 568 369 βραχυ
606 314 900 369 προυφαίνετο.
975 315 1178 359 ἐλάνθανε
1216 317 1261 358 δὲ
1303 309 1390 368 ἔρα
1419 310 1541 354 τοῦτο

103 380 198 431 τούς
227 382 442 430 πλείονας,
487 378 564 428 ἕως
592 378 615 420 ὁ
653 381 697 421 ἐν
738 380 1017 439 Θεσσαλονίκῃ
1049 384 1281 430 Βασίλειος
1300 379 1321 421 ὅ
1359 376 1542 430 Τζιὲσκος

105 444 348 500 κατακόψαι
389 441 552 487 ἄνωθεν
591 443 799 500 τολμήσας
839 445 914 489 καί
949 446 1127 502 ἰσχύσας
1169 443 1253 489 εἶδε
1280 444 1326 501 τὸ
1355 445 1539 500 πρᾶγμα.

71 511 151 562 5ὃς
179 513 253 555 κατ’
275 511 508 565 καρδιοὸξας
541 508 700 565 ἔδραμε
741 509 817 564 τήν
855 511 1054 568 ταχίστην
1079 514 1138 563 εἰς
1165 512 1236 555 τὸν
1262 512 1337 555 τοῦ
1364 525 1542 565 στρατη-

103 578 184 633 γοῦ
209 575 609 632 πρωτοθεράποντα,
638 577 711 617 καί
727 578 957 631 ἐκλαλήσας
983 581 1029 620 τὸ
1060 581 1233 633 πρᾶγμα
1257 575 1365 631 μετὰ
1399 574 1539 618 οἴκτου

103 643 408 699 προεκαλέσατο
437 641 496 690 εἰς
523 639 719 696 κωλύμην
761 643 838 684 τοῦ
872 645 1016 686 κακοῦ.
1072 644 1094 685 ὅ
1126 646 1173 687 δέ
1199 670 1252 677 -
1281 638 1316 685 αἳ
1344 631 1540 696 μαθητοῦ

103 709 279 764 α’γαθοῦ,
306 708 592 760 ἑκμαξαμένου
619 707 789 763 ειῖφυῶς
821 708 872 750 τά
901 713 977 752 τοῦ
1003 712 1131 752 καλοῦ
1157 709 1388 765 στρατηγοῦ
1418 707 1540 748 διδα-

102 774 251 817 σκάλια
282 799 335 807 -
364 776 518 828 χρῆναι
562 776 788 826 μεθίεσθαι
827 775 1073 832 ἀπεφήνατο
1110 776 1261 829 μέχρις
1300 775 1352 823 ἐς·
1377 768 1540 827 αὔριον,

50 843 180 890 Ῑοὲως
210 840 251 882 οἱ
294 831 444 893 ἐχθροὶ
478 837 592 887 ε’ντὸς
630 840 861 895 εἰληθέντες
899 845 973 883 τοῦ
999 840 1268 897 τρυπήματος
1295 836 1382 882 εἶτα
1410 838 1468 895 τῷ
1494 838 1540 878 ὲκ

103 906 327 964 φρυγάνων
357 908 497 963 καπνῷ
542 905 643 961 ῥᾷον
682 913 964 960 καταπνιγεῖεν
991 905 1122 962 ἐντός,
1153 903 1295 959 ὅμοιον
1323 904 1378 953 ὥς
1404 906 1445 946 εἰ
1470 903 1542 945 καί

102 972 323 1026 κυνηγέτης
350 967 574 1024 πρόχειρον
607 966 741 1024 ἄγραν
784 971 893 1026 ἔχων
919 975 1073 1015 θέσθαι
1104 975 1256 1027 θηρίου
1289 973 1333 1013 ἐν
1358 975 1442 1019 τοῖς
1467 984 1541 1010 πε-

103 1040 246 1091 δινοῖς,
276 1036 297 1078 ὁ
328 1038 369 1077 δ’
397 1034 502 1078 α’λλά
545 1036 690 1087 μεθείς
731 1040 958 1090 καραδοκεῖ
979 1038 1056 1092 τὴν
1082 1040 1126 1080 ἐν
1151 1036 1356 1091 σπήλυγγι
1383 1037 1539 1078 ἐκείνου

103 1102 350 1157 κατάδυσιν,
394 1099 450 1150 οἷς
491 1098 596 1144 οὕτω
624 1105 781 1155 μᾶλλον
818 1103 1035 1158 α’γρειίσων
1065 1105 1195 1146 ἐκεῖνο
1223 1101 1336 1143 καθά
1365 1102 1438 1142 καί
1463 1115 1540 1152 με·
1568 1104 1572 1108 ’

49 1181 90 1214 15
103 1170 246 1217 λίσσας
273 1166 357 1210 ἔσω
385 1165 566 1222 σμήνους
599 1167 648 1209 οἷ’
668 1170 765 1223 περὶ
791 1168 944 1218 ταύτας
975 1166 1237 1222 πονούμενοι.

213 1236 304 1277 Καὶ
327 1236 514 1282 τοιοῦτος
541 1236 618 1286 μὲν
649 1234 668 1275 ὅ
700 1235 1001 1288 α’ρχιθεράπων
1038 1234 1292 1290 μηχανικός·
1350 1232 1371 1274 ὅ
1400 1234 1438 1273 δ’
1467 1231 1540 1284 ἁρ-

98 1304 296 1355 χιτέκτων
333 1302 465 1341 αὐτοῦ
498 1301 640 1343 Δαυῖδ
687 1296 822 1348 ἄλλως
862 1299 1004 1352 ἔπαιζε
1042 1300 1085 1343 τὸ
1128 1301 1426 1355 μηχανᾶσθαι,
1459 1298 1541 1337 ’καί

99 1366 263 1408 α’κουόον
299 1367 356 1416 ὥς
398 1367 607 1419 τρυπᾶται
646 1365 688 1408 τὸ
730 1373 865 1420 τεῖχος
903 1365 1087 1420 ἔξωθεν,
1123 1367 1399 1420 ιίτρυπητέοιθ)
1427 1361 1539 1415 ἔλεγε

100 1433 200 1474 “nal
223 1431 335 1486 ὑμᾶς
363 1430 557 1474 ἔσωθεν.”
613 1431 685 1474 καί
712 1433 770 1482 εἰς
787 1434 983 1475 τοσοῦτον
1008 1429 1332 1486 χασμησάμενος
1361 1430 1540 1483 ἐκάθητο

45 1500 175 1549 2οτοὖ
204 1500 353 1540 λοιποῦ
391 1499 568 1553 χαῦνος,
610 1497 733 1540 εἰκών
773 1499 946 1553 ζῶντος,
987 1498 1221 1551 ἐμποδίζων
1250 1492 1336 1539 οἷον
1359 1493 1539 1548 ἰσχάδας

101 1568 174 1606 καί
199 1563 324 1613 αὐτὸς
349 1563 451 1606 κατὰ
481 1563 552 1606 τὸν
568 1563 762 1616 κωμικόν.
819 1564 890 1606 καί
915 1564 990 1619 τὴν
1014 1565 1196 1618 γλῶτταν
1220 1557 1304 1614 ὦδε
1331 1560 1540 1607 σαλεύσας

102 1629 415 1686 α’τελεσφόρητα
451 1629 590 1685 ἐῴκει,
620 1631 661 1671 εἰ
684 1632 757 1671 καί
783 1628 830 1671 τὸ
857 1636 990 1684 τεῖχος
1017 1627 1175 1680 ἔξωθεν
1201 1626 1374 1669 άκοῦσοι
1403 1628 1538 1672 λίθοις

99 1693 354 1749 βάλλεσθαι,
379 1697 508 1738 εἰπεῖν
535 1692 588 1738 ἂν
624 1694 681 1745 ὥς
705 1694 878 1750 βάλλετε
906 1693 1008 1738 αὐτὸ
1038 1697 1111 1737 καί
1132 1694 1250 1748 ὑμεῖς
1277 1693 1446 1737 ἔσωθεν.
1500 1687 1538 1734 οἶ

103 1857 293 1891 solverent.
350 1868 391 1890 ae
415 1857 641 1901 perfecerunt
684 1868 767 1890 sane
796 1857 1028 1902 propositum.
1079 1856 1197 1902 capita
1221 1865 1341 1888 eorum
1370 1864 1411 1885 ac
1435 1859 1534 1896 terga

103 1903 311 1936 abscondita
338 1910 455 1943 erant,
481 1905 656 1948 reliquum
682 1915 806 1948 corpus
832 1904 1108 1948 uniuscuiusque
1132 1913 1253 1935 eorum
1279 1901 1421 1945 paulum
1448 1901 1536 1933 emi-

104 1949 225 1983 nebat.
275 1950 411 1984 latebat
434 1950 502 1983 hoc
536 1951 738 1995 plerosque,
768 1949 880 1983 donec
905 1949 1054 1983 Basilius
1082 1949 1247 1992 szscus,
1273 1948 1358 1981 civis
1384 1946 1536 1979 Thessa-

104 1998 307 2037 lonicensis,
332 1997 494 2031 deorsum
526 1997 686 2030 inclinari
714 1997 867 2030 feliciter
892 2008 995 2029 ausus
1021 2007 1093 2030 rem
1117 1996 1265 2029 detexit.
1313 1994 1388 2039 qui,
1408 2004 1535 2038 quam-

104 2045 155 2077 vis
181 2044 391 2077 torminibus
416 2044 602 2085 cruciatus,
621 2044 805 2077 confestim
830 2042 872 2076 ad
891 2044 1039 2088 primum
1066 2043 1259 2076 ministrum
1284 2041 1453 2085 praefecti
1474 2051 1535 2072 cu-

104 2092 222 2130 currit,
248 2102 413 2137 eumque,
439 2103 475 2124 re
502 2103 579 2123 cum
604 2091 758 2124 lacrimis
786 2096 958 2130 enarrata,
992 2090 1038 2123 ad
1064 2087 1326 2135 impediendam
1351 2087 1535 2120 calamita-

105 2144 174 2171 tem
200 2138 404 2171 cohortatus
429 2143 492 2172 est.
543 2138 606 2170 ille
631 2143 749 2170 autem
775 2157 818 2162 —
843 2148 863 2169 o
890 2136 1099 2182 discipulum
1123 2136 1353 2181 praeclarum,
1378 2134 1438 2179 qui
1465 2139 1535 2166 tam

105 2184 234 2218 callide
259 2184 442 2218 didicisset
467 2185 587 2218 eximii
616 2184 770 2228 magistri
787 2189 976 2230 praecepta
1000 2203 1043 2211 —-
1072 2194 1143 2216 rem
1172 2184 1210 2216 in
1236 2188 1416 2228 posterum
1443 2179 1537 2213 diem

106 2231 334 2265 differendam
363 2243 438 2264 esse
465 2231 657 2276 respondit,
694 2231 806 2264 donec
831 2230 952 2263 hostes
976 2230 1014 2264 in
1038 2241 1158 2263 cavum
1182 2229 1310 2263 inclusi
1336 2228 1434 2262 fumo
1462 2237 1537 2259 oar-

105 2279 233 2312 mentis
251 2278 437 2311 excitando
455 2278 593 2312 facilius
617 2281 882 2318 suffocarentur,
908 2278 1014 2323 plane
1041 2277 1090 2311 ita
1116 2288 1156 2309 ac
1180 2276 1209 2309 si
1233 2280 1393 2313 venator,
1419 2274 1475 2306 cui
1500 2273 1538 2306 in

106 2331 269 2370 promptu
296 2326 352 2364 sit,
378 2325 525 2358 bestiam
567 2327 603 2358 in
631 2325 781 2370 pianitie
808 2335 958 2369 capere,
988 2323 1165 2358 dimittere
1191 2334 1267 2356 eam
1294 2328 1342 2363 et,
1368 2321 1451 2354 dum
1474 2319 1539 2353 illa-

105 2374 142 2405 in
169 2384 350 2405 cavernam
381 2372 527 2412 abierit,
555 2372 763 2417 praestolari
789 2371 965 2411 voluerit,
989 2371 1117 2405 melius
1142 2370 1276 2404 scilicet
1304 2369 1354 2402 ita
1376 2378 1452 2402 eam
1478 2377 1538 2399 ca-

106 2424 245 2463 pturus,
270 2421 361 2452 sicut
387 2430 470 2463 apes
498 2420 535 2452 in
564 2419 672 2452 alveis
698 2419 845 2463 capiunt
870 2418 1006 2463 apiarii.

199 2465 297 2500 Talis
321 2467 426 2510 igitur
453 2466 583 2510 primus
609 2466 768 2499 officinae
794 2465 950 2499 famulua
978 2469 1070 2506 erat3
1093 2464 1258 2508 magister
1285 2466 1402 2494 antem
1429 2459 1539 2493 Davi-

107 2512 169 2544 des
198 2518 328 2546 temere
354 2512 494 2545 ridebat
519 2524 629 2557 opus:
654 2514 713 2557 qui
740 2512 800 2545 ubi
826 2523 962 2544 murum
979 2512 1203 2550 ,extrinsecus
1231 2508 1402 2554 perforari
1431 2505 1538 2539 audi-

105 2560 166 2598 vit,
195 2560 391 2605 “perforari
429 2559 574 2598 ilium‚¹'
605 2560 740 2606 inquit,
773 2560 903 2591 “etiam
943 2570 961 2591 a
986 2558 1087 2598 vobis
1119 2558 1330 2590 intrinsecus
1359 2553 1536 2599 oportet.”

105 2606 193 2638 haec
220 2607 283 2639 ille
307 2609 443 2646 effatus,
465 2606 581 2650 segnis
608 2606 772 2647 sedebat,
795 2606 944 2638 viventis
967 2605 1092 2649 imago,
1117 2610 1154 2637 et
1179 2603 1278 2649 quasi
1304 2602 1388 2635 ficos
1415 2598 1538 2645 prohi-

106 2652 205 2693 bens,
231 2659 269 2686 nt
295 2653 389 2698 apud
413 2653 582 2686 comicum
608 2659 678 2695 est;
705 2664 746 2686 ac
771 2652 886 2686 dicere
906 2651 1113 2691 videbatur,
1140 2651 1200 2695 qui
1228 2651 1278 2682 ita
1310 2657 1444 2681 temere
1468 2646 1540 2679 lin-

106 2710 207 2744 guam
223 2701 360 2747 ciesset,
379 2700 518 2746 quoties
534 2711 671 2734 murum
686 2705 783 2734 extra
797 2710 998 2746 percussum
1015 2697 1208 2732 audiebat:
1235 2695 1353 2743 “quin
1372 2704 1434 2729 vos
1451 2704 1539 2728 eun-
