1838 3132
587 126 1076 172 CHRONOGRAPfflA.
1454 118 1546 166 251

104 230 243 284 μένην,
271 230 342 270 καὶ
368 229 574 282 ιίηογνοὺς
606 231 818 282 ε’καθέσθη
847 230 919 271 ἐπὶ
943 230 1014 283 τῆς
1031 231 1168 284 κλίνης
1186 229 1335 271 τίλλων
1364 227 1438 276 τὰς
1463 230 1553 281 τρί-
1598 264 1604 270 .

103 312 186 350 χας
214 296 363 336 αὐτοῦ.
434 297 507 335 τοῦ
551 297 596 337 δὲ
641 296 848 348 βασιλέως
890 292 1018 337 ὕπνον
1047 295 1215 352 θανάτῳ
1263 293 1553 348 παραπλήσιον

105 362 365 415 κοιμωμένου
409 359 578 415 α’θρόως
617 360 755 403 ἐλθών
796 363 1021 409 Βασίλειος
1057 360 1164 414 μετὰ
1204 360 1275 402 καί
1303 355 1454 413 ἑτέρων
1478 356 1555 408 τοὶς

106 425 244 481 θύρας
285 429 485 485 α’νέῳξεν·
557 426 630 468 καί
656 425 842 481 ἔμφοβος
879 427 1060 476 ἐξελθών
1097 427 1283 481 Ἰγνάτιος
1312 427 1556 468 α’ντέπιπτεν

72 495 319 550 5Βασιλείῳ
346 492 404 547 μη
437 494 650 536 εἰσελθεῖν.
683 494 849 546 Πέτρος
877 494 924 534 δὲ
954 492 976 535 ὅ
1002 494 1248 548 Βούλγαρος
1277 491 1348 534 διὰ
1377 493 1452 546 τῆς
1479 490 1556 534 τοῦ

107 561 337 602 Βασιλειόυ
365 556 588 613 μασχάλης
628 557 808 600 διελθών
834 557 941 613 πρὸς
981 558 1056 613 τήν
1086 560 1224 614 κλίνην
1252 561 1328 601 τοῦ
1349 559 1557 612 βασιλέως

107 624 320 679 ἐκρατήθη
359 623 472 677 παρὰ
509 620 735 678 Ἰγνατιόυ,
773 623 846 665 καί
887 624 1197 672 ἀντιπίπτοντος
1235 624 1346 681 αὐτῷ
1385 621 1558 676 ἔξυπνος

108 693 269 745 ἐγένετο
299 687 319 730 ὃ
347 689 561 743 βασιλεύς.
623 689 815 745 Ἰωάννης
854 691 900 732 δὲ
939 690 962 732 ὅ
1003 689 1174 739 Χάλὸος
1212 689 1407 744 παρευθὺ
1446 687 1554 743 μετὰ

108 758 183 799 τοῦ
211 760 359 811 ξίφους
389 755 487 805 δοὺς
515 758 633 814 αύτῷ
660 752 872 810 ἀπέκοψεν
913 755 991 805 τοὶς
1021 762 1168 810 χεῖρας
1199 756 1343 814 αὐτοῦ,
1370 756 1558 810 Ἰακωβί-
1570 763 1615 798 56

55 825 207 878 1Οτζης
237 824 284 864 δὲ
313 821 385 864 καὶ
426 821 447 864 ὅ
495 824 670 877 Πέρσης
708 822 776 865 τὸν
803 821 1132 865 Βασιλισκιανόν
1172 826 1284 879 ξίφει
1325 823 1598 877 τρώσαντεςΒ

108 889 293 944 ἔρριψαν
338 890 471 932 αὐτὸν
512 885 677 931 ἄνωθεν
710 887 832 931 κάτω.
890 887 1116 943 Μαριανὸς
1159 891 1205 931 δὲ
1235 889 1307 931 καί
1335 889 1506 942 Βάρδας
1538 886 1559 929 ὅ

109 955 244 1010 πατὴρ
275 956 502 999 Βασιλείου
532 954 606 997 καί
624 958 943 1004 Κωνσταντΐνος
973 954 994 996 ὁ
1027 958 1227 1011 Τοξαρᾶς,
1254 950 1371 997 οὗτοι
1392 956 1559 996 ἵσταντο

110 1020 214 1076 πρὸς
243 1021 435 1078 φυλακὴν
475 1020 650 1073 ἔξωθεν·
719 1022 791 1063 καί
816 1021 954 1070 οὐδείς
991 1024 1072 1064 τῶν
1100 1021 1206 1074 μετὰ
1238 1019 1421 1076 Μιχαὴλ
1455 1019 1558 1074 ἔγνω

108 1087 157 1130 τὰ
187 1089 395 1142 γινόμενα.
452 1088 829 1142 συναθροισθέντες
866 1090 911 1129 δὲ
954 1086 992 1129 οἱ
1035 1087 1140 1141 μετὰ
1175 1089 1405 1130 Βασίλειον
1432 1084 1492 1128 ὅτι
1524 1088 1564 1130 εἰ

55 1166 97 1199 15
110 1154 181 1196 καί
209 1153 284 1204 τας
310 1161 460 1209 χεῖρας
500 1155 638 1196 αὐτοῦ
663 1154 901 1207 ἐκόψαμεν,
930 1155 1064 1205 ζῶντα
1095 1154 1223 1196 αὐτόν
1253 1154 1463 1206 εἰάσαμεν·
1491 1154 1564 1194 καί

109 1219 184 1263 ε’ἀν
215 1223 276 1278 ζῇ,
307 1226 351 1264 τί
378 1220 755 1276 α’]τολογησὸμεθας
784 1237 852 1263 και
871 1221 1370 1278 χαριζόμενοςΒασιλείω
1400 1218 1561 1262 &Xat-

109 1289 181 1336 δος
210 1288 483 1342 ὑποστρέψας
525 1289 625 1342 εὗρε
670 1286 854 1341 Μιχαὴλ
894 1293 1043 1341 χεῖρας
1084 1290 1161 1340 μὲν
1201 1286 1259 1341 μὴ
1299 1285 1463 1340 ἔχοντα,
1492 1284 1565 1327 ἐπι

108 1355 181 1407 τῆς
213 1357 352 1409 κλίνης
380 1356 427 1395 δὲ
461 1356 648 1406 κείμενον
674 1353 1082 1407 ελεεινολογούμενον
1101 1351 1206 1395 κατὰ
1233 1353 1478 1395 Βασιλείου.
1539 1349 1561 1394 ὅ

112 1422 158 1462 δὲ
197 1419 244 1462 τὸ
290 1422 410 1475 ξίφος
448 1419 602 1473 γυμνὸν
639 1421 824 1474 α’νηλεῶς
858 1418 1004 1473 ἔπηξεν
1054 1434 1161 1463 κατα
1188 1419 1258 1474 τῆς
1282 1421 1458 1473 καρδίας
1484 1421 1562 1461 τοῦ

54 1495 99 1531 20
111 1488 333 1541 βασιλέως,
364 1487 586 1539 διασχίσας
615 1485 665 1528 τὰ
694 1483 846 1539 ἔγκατα
886 1486 1035 1537 αὐτοῦ,
1065 1488 1137 1528 καί
1163 1486 1366 1541 στραφεὶς
1393 1489 1562 1528 ἑνεκαυ·
1574 1493 1603 1528 C·

109 1554 214 1607 χᾶτο
246 1550 350 1606 πρὸς
379 1554 603 1594 Βασίλειον
631 1549 687 1601 ὥς
718 1551 1027 1607 ἀνδραγάθημα
1054 1551 1297 1607 πεποιηκώς.
1354 1550 1563 1600 κλύδωνος

112 1620 159 1660 δὲ
205 1613 324 1668 ὄντος
364 1620 408 1659 ἐν
442 1619 496 1675 τῇ
534 1616 727 1675 θαλάσσῃ
771 1620 1152 1673 συναθροισθέντες
1191 1619 1397 1672 κατῆλθον
1434 1618 1564 1672 μέχρι

114 1686 191 1726 τοῦ
222 1681 491 1741 περάματος,
526 1683 600 1726 καί
626 1680 953 1739 διαπεράσαντες
992 1679 1123 1739 ἦλθον
1151 1684 1211 1733 εἰς
1240 1681 1314 1726 τὸν
1341 1680 1452 1727 οἶκον
1478 1685 1564 1727 Ev'-

117 1868 175 1891 sus
199 1855 382 1890 confusam
420 1857 565 1902 reperit.
626 1868 735 1903 quare
769 1857 806 1890 in
833 1856 1119 1903 desperationem
1150 1855 1290 1896 ductus,
1319 1855 1468 1901 capillos
1492 1855 1563 1891 sibi

119 1904 267 1946 vellens,
294 1905 331 1938 iu
356 1905 448 1938 lecto
475 1903 635 1938 sedebat.
691 1905 905 1949 imperatore
930 1915 1012 1938 vero
1038 1915 1198 1937 somnum
1235 1903 1341 1937 morti
1369 1915 1562 1949 quampro-

117 1953 252 1986 ximum
288 1951 537 1986 obdormiente
555 1976 564 1993 ‚
590 1950 784 1997 derepente
819 1951 969 1984 Basilius
1004 1963 1083 1984 cum
1111 1951 1191 1985 aliis
1217 1951 1413 1983 adveniens
1438 1952 1561 1984 ianuas

118 1999 268 2045 aperuit.
318 1999 546 2033 tremefactus
573 1999 732 2043 Ignatius
757 1999 794 2031 in
819 1998 1003 2032 adversum
1029 1998 1182 2040 obstitit,
1206 2010 1251 2031 ne
1274 1998 1426 2031 Basilius
1450 1999 1562 2032 intra-

119 2052 184 2080 ret.
234 2047 354 2080 Petrus
379 2053 497 2080 autem
521 2046 705 2090 Bulgarus‚
730 2046 795 2079 sub
813 2045 934 2079 Basilii
959 2046 1066 2079 axilla
1090 2048 1249 2092 irrepens
1276 2051 1312 2079 et
1336 2045 1381 2078 ad
1405 2045 1561 2091 impera·

120 2094 205 2127 toris
234 2094 364 2127 lectum
392 2100 595 2138 penetrum,
620 2094 666 2126 ab
691 2094 830 2138 Ignatio
855 2095 946 2126 vires
972 2092 1132 2127 adversas
1158 2098 1365 2138 opponente
1395 2092 1563 2127 detentus

119 2146 192 2179 est;
222 2152 264 2174 ex
292 2153 362 2186 quo
385 2153 527 2174 somnus
552 2142 778 2187 imperatoris
805 2142 956 2174 solutus.
981 2141 1132 2174 Ioannes
1154 2152 1238 2175 vero
1265 2139 1436 2174 Chaldius
1458 2141 1563 2185 plaga

120 2187 239 2232 gladio
265 2189 398 2222 inflicta
434 2201 560 2222 manus
589 2190 665 2222 eius
703 2187 867 2230 abscidit,
892 2187 1087 2221 lacobitzes
1113 2199 1197 2222 vero
1224 2189 1324 2221 Persa
1352 2193 1388 2220 et
1412 2189 1473 2221 alii
1497 2186 1565 2220 Ba-

120 2235 339 2269 siliscianum
365 2248 448 2270 ense
461 2237 684 2269 vulneratum
710 2248 728 2275 e
759 2237 852 2269 lecto
877 2236 915 2268 in
939 2235 1183 2280 pavimentum
1208 2234 1456 2270 deturbarunt.
1485 2235 1564 2268 Ma-

121 2283 239 2315 rianus
266 2289 383 2316 autem
413 2289 449 2317 et
474 2289 575 2330 pater
600 2283 721 2316 Basilii
744 2282 873 2316 Bardas
901 2288 938 2316 et
963 2282 1215 2317 Constantinus
1241 2283 1398 2316 Toxaras
1422 2282 1566 2316 stabant

121 2330 207 2363 foris
233 2330 270 2363 in
296 2330 466 2371 excubiis,
493 2332 541 2365 ita
571 2337 611 2364 ut
637 2330 912 2364 domesticorum
938 2330 1070 2371 nullus,
1095 2342 1185 2376 quae
1212 2341 1289 2362 cum
1309 2329 1485 2363 Michaele
1504 2340 1567 2372 ge-

122 2376 304 2418 rebantur,
329 2378 484 2412 resciret.
533 2383 569 2411 at
593 2378 767 2412 coniurati
794 2389 871 2411 cum
889 2377 1022 2410 Basilio
1047 2378 1189 2411 collecti
1210 2378 1318 2410 “licet
1340 2388 1464 2410 manus
1488 2377 1566 2410 eius

123 2424 438 2469 praesciderimus‚
473 2426 589 2458 vivum
626 2431 745 2459 tamen
780 2425 1011 2471 reliquimus’¹
1051 2424 1234 2458 dixerunt:
1260 2425 1313 2457 “si
1338 2423 1568 2468 superfuerit,

123 2483 229 2516 quam
255 2471 501 2506 defensionem
525 2472 782 2506 habebimus?
840 2485 919 2505 mox
948 2471 1118 2505 Chaldius
1146 2471 1312 2505 Basilium
1349 2471 1567 2516 promeritu-

125 2530 183 2551 rus
210 2520 304 2551 intro
341 2529 541 2563 regressus,
565 2520 776 2554 Michaelem
814 2520 980 2565 praecisis
1013 2519 1175 2552 manibus
1214 2519 1258 2552 de
1282 2517 1415 2551 Basilio
1440 2519 1568 2552 misere

124 2572 403 2611 conquerentem
441 2572 479 2600 et
506 2567 544 2600 in
568 2568 661 2601 lecto
689 2568 865 2601 iacentem
890 2568 1035 2621 reperit,
1065 2573 1100 2600 et
1125 2566 1324 2600 districtum
1349 2564 1503 2609 gladium
1531 2565 1568 2599 in

124 2613 349 2658 imperatoris
376 2625 437 2646 cor
459 2613 649 2648 crudeliter
675 2615 805 2658 adegit,
843 2620 878 2647 et
906 2614 1076 2647 intestina
1102 2615 1177 2647 eius
1203 2612 1365 2655 discidit3
1390 2623 1568 2647 reversus-

126 2671 196 2704 que
222 2660 265 2693 ad
293 2659 462 2694 Basilium
487 2661 718 2706 gloriabatur,
745 2662 847 2707 quasi
874 2661 1010 2694 facinus
1036 2662 1213 2706 egregium
1239 2665 1424 2704 patrasset
1474 2664 1568 2693 tem-

113 2712 253 2752 pestate
281 2714 401 2742 autem
425 2709 464 2743 in
496 2710 583 2742 mari
612 2715 744 2751 exorta,
770 2720 840 2743 una
866 2709 1119 2744 convenientes
1162 2707 1207 2743 ad
1235 2708 1378 2749 fretum,
1401 2706 1566 2753 illudque
