<?xml version="1.0" encoding="UTF-8"?>
<!DOCTYPE html PUBLIC "-//W3C//DTD XHTML 1.0 Transitional//EN"
    "http://www.w3.org/TR/xhtml1/DTD/xhtml1-transitional.dtd">
<html xmlns="http://www.w3.org/1999/xhtml" xml:lang="en" lang="en">
 <head>
  <title>
</title>
<meta http-equiv="Content-Type" content="text/html;charset=utf-8" />
  <meta name='ocr-system' content='tesseract 3.04.00' />
  <meta name='ocr-capabilities' content='ocr_page ocr_carea ocr_par ocr_line ocrx_word'/>
</head>
<body>
  <div class='ocr_page' id='page_1' title='image "./corpusscriptorum34niebuoft/corpusscriptorum34niebuoft_0047.png"; bbox 0 0 1806 3158; ppageno 0'>
   <div class='ocr_carea' id='block_1_1' title="bbox 597 140 1559 199">
    <p class='ocr_par' dir='ltr' id='par_1_1' title="bbox 597 140 1559 199">
     <span class='ocr_line' id='line_1_1' title="bbox 597 140 1559 199; baseline 0.002 -2"><span class='ocrx_word' id='word_1_1' title='bbox 597 153 1087 199; x_wconf 69' lang='lat' dir='ltr'>CHRONOGRAPHIA.</span> <span class='ocrx_word' id='word_1_2' title='bbox 1168 140 1171 142; x_wconf 72' lang='grc'><strong><em>’</em></strong></span> <span class='ocrx_word' id='word_1_3' title='bbox 1496 152 1559 199; x_wconf 85' lang='lat'><strong><em>35</em></strong></span> 
     </span>
    </p>
   </div>
   <div class='ocr_carea' id='block_1_2' title="bbox 59 253 1570 1829">
    <p class='ocr_par' dir='ltr' id='par_1_2' title="bbox 115 253 1564 509">
     <span class='ocr_line' id='line_1_2' title="bbox 222 253 1561 312; baseline 0.001 -16"><span class='ocrx_word' id='word_1_4' title='bbox 222 253 359 305; x_wconf 82' lang='grc' dir='ltr'><strong><em>Ὀζίας</em></strong></span> <span class='ocrx_word' id='word_1_5' title='bbox 392 254 464 296; x_wconf 79' lang='grc' dir='ltr'>καί</span> <span class='ocrx_word' id='word_1_6' title='bbox 490 257 712 311; x_wconf 77' lang='grc' dir='ltr'><strong><em>Ζαχαρίας</em></strong></span> <span class='ocrx_word' id='word_1_7' title='bbox 754 253 843 304; x_wconf 82' lang='grc' dir='ltr'><strong><em>υἱὸς</em></strong></span> <span class='ocrx_word' id='word_1_8' title='bbox 870 256 1067 308; x_wconf 79' lang='grc' dir='ltr'><strong><em>Ἀμεσίου</em></strong></span> <span class='ocrx_word' id='word_1_9' title='bbox 1095 255 1364 309; x_wconf 56' lang='lat' dir='ltr'><strong><em>§flammam</em></strong></span> <span class='ocrx_word' id='word_1_10' title='bbox 1390 253 1460 311; x_wconf 81' lang='grc' dir='ltr'><strong><em>ἔτη</em></strong></span> <span class='ocrx_word' id='word_1_11' title='bbox 1488 257 1561 312; x_wconf 82' lang='grc' dir='ltr'><strong><em>νβ’,</em></strong></span> 
     </span>
     <span class='ocr_line' id='line_1_3' title="bbox 116 316 1562 377; baseline 0.001 -14"><span class='ocrx_word' id='word_1_12' title='bbox 116 316 224 376; x_wconf 69' lang='grc' dir='ltr'><strong><em>ἀνὴρ</em></strong></span> <span class='ocrx_word' id='word_1_13' title='bbox 263 319 452 375; x_wconf 78' lang='grc' dir='ltr'><strong><em>εύσεβὴς.</em></strong></span> <span class='ocrx_word' id='word_1_14' title='bbox 525 318 700 376; x_wconf 74' lang='grc' dir='ltr'><strong><em>ὕστερον</em></strong></span> <span class='ocrx_word' id='word_1_15' title='bbox 743 322 790 363; x_wconf 84' lang='grc' dir='ltr'><strong><em>δὲ</em></strong></span> <span class='ocrx_word' id='word_1_16' title='bbox 825 323 907 364; x_wconf 77' lang='grc' dir='ltr'><strong><em>τῶν</em></strong></span> <span class='ocrx_word' id='word_1_17' title='bbox 939 322 1071 376; x_wconf 80' lang='grc' dir='ltr'><strong><em>ἁγίων</em></strong></span> <span class='ocrx_word' id='word_1_18' title='bbox 1108 322 1302 376; x_wconf 74' lang='grc' dir='ltr'>ἐπιβῆναι</span> <span class='ocrx_word' id='word_1_19' title='bbox 1343 326 1562 377; x_wconf 75' lang='grc' dir='ltr'><strong><em>πειραθείς</em></strong></span> 
     </span>
     <span class='ocr_line' id='line_1_4' title="bbox 115 383 1561 444; baseline 0.001 -15"><span class='ocrx_word' id='word_1_20' title='bbox 115 387 367 442; x_wconf 76' lang='grc' dir='ltr'><strong><em>λεπροῦται,</em></strong></span> <span class='ocrx_word' id='word_1_21' title='bbox 407 389 480 429; x_wconf 85' lang='grc' dir='ltr'><em>καί</em></span> <span class='ocrx_word' id='word_1_22' title='bbox 516 388 706 439; x_wconf 74' lang='grc' dir='ltr'><strong><em>ἐδίκαζεν</em></strong></span> <span class='ocrx_word' id='word_1_23' title='bbox 749 387 835 429; x_wconf 74' lang='grc' dir='ltr'><strong><em>ἄντ’</em></strong></span> <span class='ocrx_word' id='word_1_24' title='bbox 877 386 1014 429; x_wconf 75' lang='grc' dir='ltr'><strong><em>αύτοῦ</em></strong></span> <span class='ocrx_word' id='word_1_25' title='bbox 1053 386 1078 429; x_wconf 80' lang='grc' dir='ltr'><em>ὅ</em></span> <span class='ocrx_word' id='word_1_26' title='bbox 1105 386 1197 438; x_wconf 80' lang='grc' dir='ltr'><strong><em>υἱὸς</em></strong></span> <span class='ocrx_word' id='word_1_27' title='bbox 1230 388 1375 430; x_wconf 81' lang='grc' dir='ltr'><strong><em>αύτοῦ.</em></strong></span> <span class='ocrx_word' id='word_1_28' title='bbox 1432 383 1485 444; x_wconf 78' lang='grc' dir='ltr'><strong><em>ἧν</em></strong></span> <span class='ocrx_word' id='word_1_29' title='bbox 1515 390 1561 431; x_wconf 79' lang='grc' dir='ltr'><strong><em>δὲ</em></strong></span> 
     </span>
     <span class='ocr_line' id='line_1_5' title="bbox 117 450 1564 509; baseline 0.002 -15"><span class='ocrx_word' id='word_1_30' title='bbox 117 453 344 508; x_wconf 71' lang='grc' dir='ltr'><strong><em>ἀρχιερεύς</em></strong></span> <span class='ocrx_word' id='word_1_31' title='bbox 380 455 451 495; x_wconf 75' lang='grc' dir='ltr'><strong><em>ἐπὶ</em></strong></span> <span class='ocrx_word' id='word_1_32' title='bbox 491 455 627 494; x_wconf 66' lang='grc' dir='ltr'><strong><em>αὐτοῦ’</em></strong></span> <span class='ocrx_word' id='word_1_33' title='bbox 647 450 874 507; x_wconf 82' lang='grc' dir='ltr'><strong><em>Ἀζαρίας,</em></strong></span> <span class='ocrx_word' id='word_1_34' title='bbox 917 453 1228 509; x_wconf 73' lang='grc' dir='ltr'><strong><em>ἐπροεφήτευον</em></strong></span> <span class='ocrx_word' id='word_1_35' title='bbox 1253 456 1300 497; x_wconf 81' lang='grc' dir='ltr'><strong><em>δὲ</em></strong></span> <span class='ocrx_word' id='word_1_36' title='bbox 1329 453 1466 506; x_wconf 81' lang='grc' dir='ltr'><strong><em>’Λμώς</em></strong></span> <span class='ocrx_word' id='word_1_37' title='bbox 1490 457 1564 498; x_wconf 84' lang='grc' dir='ltr'><em>καί</em></span> 
     </span>
    </p>

    <p class='ocr_par' dir='ltr' id='par_1_3' title="bbox 84 516 1568 840">
     <span class='ocr_line' id='line_1_6' title="bbox 84 516 1559 574; baseline 0.003 -17"><span class='ocrx_word' id='word_1_38' title='bbox 84 518 292 568; x_wconf 77' lang='grc' dir='ltr'><strong><em>5Ἶ1σαιάς</em></strong></span> <span class='ocrx_word' id='word_1_39' title='bbox 320 518 343 560; x_wconf 82' lang='lat'><strong><em>0‘</em></strong></span> <span class='ocrx_word' id='word_1_40' title='bbox 372 517 475 568; x_wconf 76' lang='grc' dir='ltr'><strong><em>ὐἱός</em></strong></span> <span class='ocrx_word' id='word_1_41' title='bbox 514 519 646 560; x_wconf 73' lang='grc' dir='ltr'><strong><em>αὐτοῦ</em></strong></span> <span class='ocrx_word' id='word_1_42' title='bbox 683 518 756 560; x_wconf 77' lang='grc' dir='ltr'><em>καί</em></span> <span class='ocrx_word' id='word_1_43' title='bbox 781 518 908 574; x_wconf 83' lang='grc' dir='ltr'><strong><em>Ὠσηὲ</em></strong></span> <span class='ocrx_word' id='word_1_44' title='bbox 938 516 959 559; x_wconf 80' lang='grc' dir='ltr'>ὅ</span> <span class='ocrx_word' id='word_1_45' title='bbox 986 521 1059 562; x_wconf 80' lang='grc' dir='ltr'><strong><em>τοῦ</em></strong></span> <span class='ocrx_word' id='word_1_46' title='bbox 1097 523 1249 574; x_wconf 85' lang='grc' dir='ltr'><strong><em>Βεκρεί</em></strong></span> <span class='ocrx_word' id='word_1_47' title='bbox 1275 522 1347 562; x_wconf 80' lang='grc' dir='ltr'><em>καί</em></span> <span class='ocrx_word' id='word_1_48' title='bbox 1370 521 1508 570; x_wconf 80' lang='grc' dir='ltr'><strong><em>Ἰωνᾶς</em></strong></span> <span class='ocrx_word' id='word_1_49' title='bbox 1538 519 1559 561; x_wconf 79' lang='grc' dir='ltr'>ὅ</span> 
     </span>
     <span class='ocr_line' id='line_1_7' title="bbox 116 583 1562 642; baseline 0.001 -16"><span class='ocrx_word' id='word_1_50' title='bbox 116 588 194 626; x_wconf 80' lang='grc' dir='ltr'><strong><em>τοῦ</em></strong></span> <span class='ocrx_word' id='word_1_51' title='bbox 219 585 383 637; x_wconf 79' lang='grc' dir='ltr'><strong><em>Ἀμαθί</em></strong></span> <span class='ocrx_word' id='word_1_52' title='bbox 410 583 432 626; x_wconf 79' lang='grc' dir='ltr'>ὅ</span> <span class='ocrx_word' id='word_1_53' title='bbox 472 586 518 627; x_wconf 82' lang='grc' dir='ltr'><strong><em>ἐκ</em></strong></span> <span class='ocrx_word' id='word_1_54' title='bbox 548 587 706 640; x_wconf 82' lang='grc' dir='ltr'><strong><em>Γοφέρ.</em></strong></span> <span class='ocrx_word' id='word_1_55' title='bbox 777 584 881 626; x_wconf 75' lang='grc' dir='ltr'><strong><em>κατὰ</em></strong></span> <span class='ocrx_word' id='word_1_56' title='bbox 912 586 1085 635; x_wconf 82' lang='grc' dir='ltr'><strong><em>τούτους</em></strong></span> <span class='ocrx_word' id='word_1_57' title='bbox 1129 585 1226 635; x_wconf 84' lang='grc' dir='ltr'><strong><em>τούς</em></strong></span> <span class='ocrx_word' id='word_1_58' title='bbox 1253 586 1434 642; x_wconf 79' lang='grc' dir='ltr'><strong><em>χρόνους</em></strong></span> <span class='ocrx_word' id='word_1_59' title='bbox 1463 592 1562 630; x_wconf 91' lang='grc' dir='ltr'><strong><em>Λυ-</em></strong></span> 
     </span>
     <span class='ocr_line' id='line_1_8' title="bbox 115 648 1563 705; baseline 0.003 -15"><span class='ocrx_word' id='word_1_60' title='bbox 115 651 290 704; x_wconf 78' lang='grc' dir='ltr'><strong><em>κοῦργος</em></strong></span> <span class='ocrx_word' id='word_1_61' title='bbox 317 648 656 703; x_wconf 81' lang='grc' dir='ltr'><strong><em>Λακεδαιμόνιος</em></strong></span> <span class='ocrx_word' id='word_1_62' title='bbox 696 653 949 704; x_wconf 82' lang='grc' dir='ltr'><strong><em>ἐνομοθέτει.</em></strong></span> <span class='ocrx_word' id='word_1_63' title='bbox 1014 651 1202 705; x_wconf 75' lang='grc' dir='ltr'><strong><em>Ἰωαθάμ</em></strong></span> <span class='ocrx_word' id='word_1_64' title='bbox 1247 651 1268 693; x_wconf 82' lang='grc' dir='ltr'>ὅ</span> <span class='ocrx_word' id='word_1_65' title='bbox 1308 651 1401 702; x_wconf 79' lang='grc' dir='ltr'><strong><em>υἱός</em></strong></span> <span class='ocrx_word' id='word_1_66' title='bbox 1430 654 1563 705; x_wconf 84' lang='grc' dir='ltr'><strong><em>Ὀζιόυ</em></strong></span> 
     </span>
     <span class='ocr_line' id='line_1_9' title="bbox 116 714 1568 773; baseline 0.003 -16"><span class='ocrx_word' id='word_1_67' title='bbox 116 717 362 768; x_wconf 66' lang='grc' dir='ltr'><strong><em>ἑβασιἍευσε</em></strong></span> <span class='ocrx_word' id='word_1_68' title='bbox 400 714 506 768; x_wconf 79' lang='grc' dir='ltr'><strong><em>μετοῖ</em></strong></span> <span class='ocrx_word' id='word_1_69' title='bbox 556 715 632 771; x_wconf 71' lang='grc' dir='ltr'><strong><em>την</em></strong></span> <span class='ocrx_word' id='word_1_70' title='bbox 673 715 867 771; x_wconf 73' lang='grc' dir='ltr'><strong><em>τελευτήν</em></strong></span> <span class='ocrx_word' id='word_1_71' title='bbox 896 719 970 759; x_wconf 84' lang='grc' dir='ltr'><strong><em>τοῦ</em></strong></span> <span class='ocrx_word' id='word_1_72' title='bbox 997 717 1157 772; x_wconf 82' lang='grc' dir='ltr'><strong><em>πατρὸς</em></strong></span> <span class='ocrx_word' id='word_1_73' title='bbox 1181 717 1250 773; x_wconf 81' lang='grc' dir='ltr'><strong><em>ἔτη</em></strong></span> <span class='ocrx_word' id='word_1_74' title='bbox 1281 717 1343 767; x_wconf 82' lang='grc' dir='ltr'><strong><em>ις’.</em></strong></span> <span class='ocrx_word' id='word_1_75' title='bbox 1401 721 1473 761; x_wconf 83' lang='grc' dir='ltr'><strong><em>καί</em></strong></span> <span class='ocrx_word' id='word_1_76' title='bbox 1497 719 1568 762; x_wconf 71' lang='grc' dir='ltr'><strong><em>ἐπὶ</em></strong></span> 
     </span>
     <span class='ocr_line' id='line_1_10' title="bbox 114 778 1566 840; baseline 0.003 -17"><span class='ocrx_word' id='word_1_77' title='bbox 114 778 263 823; x_wconf 84' lang='grc' dir='ltr'><strong><em>τούτου</em></strong></span> <span class='ocrx_word' id='word_1_78' title='bbox 300 781 554 838; x_wconf 81' lang='grc' dir='ltr'><strong><em>προφητεύει</em></strong></span> <span class='ocrx_word' id='word_1_79' title='bbox 587 782 768 831; x_wconf 86' lang='grc' dir='ltr'><strong><em>Ἠσαίας</em></strong></span> <span class='ocrx_word' id='word_1_80' title='bbox 818 786 891 825; x_wconf 85' lang='grc' dir='ltr'>καί</span> <span class='ocrx_word' id='word_1_81' title='bbox 927 787 1136 840; x_wconf 82' lang='grc' dir='ltr'><strong><em>Μιχαίας,</em></strong></span> <span class='ocrx_word' id='word_1_82' title='bbox 1181 784 1476 840; x_wconf 75' lang='grc' dir='ltr'><strong><em>ἅρχιερατεύει</em></strong></span> <span class='ocrx_word' id='word_1_83' title='bbox 1519 788 1566 827; x_wconf 82' lang='grc' dir='ltr'><strong><em>δὲ</em></strong></span> 
     </span>
    </p>

    <p class='ocr_par' dir='ltr' id='par_1_4' title="bbox 62 846 1567 1170">
     <span class='ocr_line' id='line_1_11' title="bbox 62 846 1567 906; baseline 0.002 -17"><span class='ocrx_word' id='word_1_84' title='bbox 62 850 105 885; x_wconf 82' lang='grc'><strong><em>10</em></strong></span> <span class='ocrx_word' id='word_1_85' title='bbox 121 846 292 901; x_wconf 84' lang='grc' dir='ltr'><strong><em>Ούρίας.</em></strong></span> <span class='ocrx_word' id='word_1_86' title='bbox 362 850 406 890; x_wconf 79' lang='grc' dir='ltr'><strong><em>ἐν</em></strong></span> <span class='ocrx_word' id='word_1_87' title='bbox 450 849 507 906; x_wconf 75' lang='grc' dir='ltr'><strong><em>τῷ</em></strong></span> <span class='ocrx_word' id='word_1_88' title='bbox 546 846 694 906; x_wconf 79' lang='grc' dir='ltr'><strong><em>πρώτῳ</em></strong></span> <span class='ocrx_word' id='word_1_89' title='bbox 734 846 817 891; x_wconf 82' lang='grc' dir='ltr'><em>ἔτει</em></span> <span class='ocrx_word' id='word_1_90' title='bbox 856 850 931 903; x_wconf 74' lang='grc' dir='ltr'><strong><em>τῆς</em></strong></span> <span class='ocrx_word' id='word_1_91' title='bbox 974 848 1125 892; x_wconf 82' lang='grc' dir='ltr'><strong><em>τούτου</em></strong></span> <span class='ocrx_word' id='word_1_92' title='bbox 1167 853 1383 903; x_wconf 70' lang='grc' dir='ltr'><strong><em>βασιλείας</em></strong></span> <span class='ocrx_word' id='word_1_93' title='bbox 1407 846 1567 906; x_wconf 81' lang='grc' dir='ltr'><strong><em>Ἴφιτος</em></strong></span> 
     </span>
     <span class='ocr_line' id='line_1_12' title="bbox 115 911 1567 974; baseline 0.001 -19"><span class='ocrx_word' id='word_1_94' title='bbox 115 911 189 962; x_wconf 71' lang='grc' dir='ltr'><strong><em>τοὶς</em></strong></span> <span class='ocrx_word' id='word_1_95' title='bbox 228 912 512 968; x_wconf 78' lang='grc' dir='ltr'><strong><em>Ὀλυμπιάδας</em></strong></span> <span class='ocrx_word' id='word_1_96' title='bbox 543 917 805 970; x_wconf 79' lang='grc' dir='ltr'><strong><em>συνέστησεν.</em></strong></span> <span class='ocrx_word' id='word_1_97' title='bbox 874 917 918 958; x_wconf 82' lang='grc' dir='ltr'><strong><em>ἐν</em></strong></span> <span class='ocrx_word' id='word_1_98' title='bbox 958 918 1004 958; x_wconf 83' lang='grc' dir='ltr'><strong><em>δὲ</em></strong></span> <span class='ocrx_word' id='word_1_99' title='bbox 1036 917 1086 974; x_wconf 86' lang='grc' dir='ltr'><em>τῇ</em></span> <span class='ocrx_word' id='word_1_100' title='bbox 1109 916 1219 973; x_wconf 69' lang='grc' dir='ltr'><strong><em>αὐτῇ</em></strong></span> <span class='ocrx_word' id='word_1_101' title='bbox 1246 916 1390 974; x_wconf 79' lang='grc' dir='ltr'><strong><em>πρώτῃ</em></strong></span> <span class='ocrx_word' id='word_1_102' title='bbox 1411 917 1567 970; x_wconf 87' lang='grc' dir='ltr'><strong><em>Ὀλυμ-</em></strong></span> 
     </span>
     <span class='ocr_line' id='line_1_13' title="bbox 116 978 1566 1041; baseline 0.003 -21"><span class='ocrx_word' id='word_1_103' title='bbox 116 978 239 1021; x_wconf 78' lang='grc' dir='ltr'><strong><em>πιάδι</em></strong></span> <span class='ocrx_word' id='word_1_104' title='bbox 260 979 424 1032; x_wconf 73' lang='grc' dir='ltr'><strong><em>“Ρώ’μος</em></strong></span> <span class='ocrx_word' id='word_1_105' title='bbox 457 980 530 1021; x_wconf 81' lang='grc' dir='ltr'><strong><em>καί</em></strong></span> <span class='ocrx_word' id='word_1_106' title='bbox 553 979 767 1033; x_wconf 75' lang='grc' dir='ltr'><strong><em>Ῥωμύλος</em></strong></span> <span class='ocrx_word' id='word_1_107' title='bbox 794 980 1087 1038; x_wconf 76' lang='grc' dir='ltr'><strong><em>ἐγεννήθησαν,</em></strong></span> <span class='ocrx_word' id='word_1_108' title='bbox 1117 984 1264 1032; x_wconf 81' lang='grc' dir='ltr'><strong><em>οἵτινες</em></strong></span> <span class='ocrx_word' id='word_1_109' title='bbox 1286 985 1335 1036; x_wconf 27' lang='grc' dir='ltr'><strong><em>,ἐν</em></strong></span> <span class='ocrx_word' id='word_1_110' title='bbox 1362 986 1415 1041; x_wconf 82' lang='grc' dir='ltr'><strong><em>τῇ</em></strong></span> <span class='ocrx_word' id='word_1_111' title='bbox 1442 982 1566 1038; x_wconf 74' lang='grc' dir='ltr'><strong><em>ἑβδό-</em></strong></span> 
     </span>
     <span class='ocr_line' id='line_1_14' title="bbox 115 1041 1567 1106; baseline 0 -18"><span class='ocrx_word' id='word_1_112' title='bbox 115 1062 174 1102; x_wconf 88' lang='grc' dir='ltr'><strong><em>μῃ</em></strong></span> <span class='ocrx_word' id='word_1_113' title='bbox 195 1042 449 1098; x_wconf 73' lang='grc' dir='ltr'><strong><em>Ὀλυμπιάδι</em></strong></span> <span class='ocrx_word' id='word_1_114' title='bbox 478 1045 554 1101; x_wconf 77' lang='grc' dir='ltr'><strong><em>την</em></strong></span> <span class='ocrx_word' id='word_1_115' title='bbox 575 1045 738 1102; x_wconf 77' lang='grc' dir='ltr'><strong><em>Ῥώμην</em></strong></span> <span class='ocrx_word' id='word_1_116' title='bbox 766 1041 940 1101; x_wconf 71' lang='grc' dir='ltr'><strong><em>ἤρξαντο</em></strong></span> <span class='ocrx_word' id='word_1_117' title='bbox 969 1049 1146 1100; x_wconf 83' lang='grc' dir='ltr'><strong><em>κτίζειν·</em></strong></span> <span class='ocrx_word' id='word_1_118' title='bbox 1203 1048 1292 1104; x_wconf 81' lang='grc' dir='ltr'><strong><em>ἡδὲ</em></strong></span> <span class='ocrx_word' id='word_1_119' title='bbox 1318 1044 1567 1106; x_wconf 84' lang='grc' dir='ltr'><strong><em>οἷριστοκρα-</em></strong></span> 
     </span>
     <span class='ocr_line' id='line_1_15' title="bbox 115 1109 1566 1170; baseline 0 -16"><span class='ocrx_word' id='word_1_120' title='bbox 115 1113 184 1154; x_wconf 79' lang='grc' dir='ltr'><strong><em>τιά</em></strong></span> <span class='ocrx_word' id='word_1_121' title='bbox 213 1109 295 1152; x_wconf 84' lang='grc' dir='ltr'><strong><em>α’πό</em></strong></span> <span class='ocrx_word' id='word_1_122' title='bbox 318 1111 541 1164; x_wconf 78' lang='grc' dir='ltr'><strong><em>Ῥωμύλου</em></strong></span> <span class='ocrx_word' id='word_1_123' title='bbox 567 1111 641 1154; x_wconf 85' lang='grc' dir='ltr'><em>καί</em></span> <span class='ocrx_word' id='word_1_124' title='bbox 667 1114 748 1155; x_wconf 78' lang='grc' dir='ltr'><strong><em>τῶν</em></strong></span> <span class='ocrx_word' id='word_1_125' title='bbox 775 1111 950 1156; x_wconf 76' lang='grc' dir='ltr'><strong><em>ὑπάτων</em></strong></span> <span class='ocrx_word' id='word_1_126' title='bbox 979 1114 1193 1170; x_wconf 75' lang='grc' dir='ltr'><strong><em>ἄρξαμένη</em></strong></span> <span class='ocrx_word' id='word_1_127' title='bbox 1222 1116 1461 1156; x_wconf 81' lang='grc' dir='ltr'><strong><em>κατέπαυσε</em></strong></span> <span class='ocrx_word' id='word_1_128' title='bbox 1487 1119 1566 1168; x_wconf 89' lang='grc' dir='ltr'><strong><em>μέ..</em></strong></span> 
     </span>
    </p>

    <p class='ocr_par' dir='ltr' id='par_1_5' title="bbox 64 1177 1570 1299">
     <span class='ocr_line' id='line_1_16' title="bbox 64 1177 1570 1237; baseline 0.003 -18"><span class='ocrx_word' id='word_1_129' title='bbox 64 1187 106 1221; x_wconf 82' lang='grc'><strong><em>15</em></strong></span> <span class='ocrx_word' id='word_1_130' title='bbox 116 1193 191 1231; x_wconf 82' lang='grc' dir='ltr'><strong><em>χρι</em></strong></span> <span class='ocrx_word' id='word_1_131' title='bbox 246 1178 319 1233; x_wconf 82' lang='grc' dir='ltr'><strong><em>τῆς</em></strong></span> <span class='ocrx_word' id='word_1_132' title='bbox 359 1177 537 1222; x_wconf 85' lang='grc' dir='ltr'><strong><em>Ἰουλίου</em></strong></span> <span class='ocrx_word' id='word_1_133' title='bbox 587 1178 808 1235; x_wconf 78' lang='grc' dir='ltr'><strong><em>Καίσαρος</em></strong></span> <span class='ocrx_word' id='word_1_134' title='bbox 864 1179 1125 1236; x_wconf 80' lang='grc' dir='ltr'><strong><em>μοναρχίας,</em></strong></span> <span class='ocrx_word' id='word_1_135' title='bbox 1185 1181 1443 1237; x_wconf 83' lang='grc' dir='ltr'><strong><em>διαρκέσασα</em></strong></span> <span class='ocrx_word' id='word_1_136' title='bbox 1497 1183 1570 1224; x_wconf 71' lang='grc' dir='ltr'><strong><em>ἐπὶ</em></strong></span> 
     </span>
     <span class='ocr_line' id='line_1_17' title="bbox 126 1241 304 1254; baseline 0 0"><span class='ocrx_word' id='word_1_137' title='bbox 126 1242 145 1254; x_wconf 81' lang='grc'><strong><em>,,</em></strong></span> <span class='ocrx_word' id='word_1_138' title='bbox 295 1241 304 1254; x_wconf 77' lang='grc'><strong><em>,</em></strong></span> 
     </span>
     <span class='ocr_line' id='line_1_18' title="bbox 117 1259 322 1299; baseline 0 -14"><span class='ocrx_word' id='word_1_139' title='bbox 117 1259 190 1299; x_wconf 84' lang='grc' dir='ltr'><strong><em>ετη</em></strong></span> <span class='ocrx_word' id='word_1_140' title='bbox 215 1259 322 1296; x_wconf 88' lang='grc' dir='ltr'><strong><em>σμε.</em></strong></span> 
     </span>
    </p>

    <p class='ocr_par' dir='ltr' id='par_1_6' title="bbox 117 1307 1569 1499">
     <span class='ocr_line' id='line_1_19' title="bbox 229 1307 1569 1368; baseline 0.003 -17"><span class='ocrx_word' id='word_1_141' title='bbox 229 1310 316 1351; x_wconf 77' lang='grc' dir='ltr'><strong><em>Τοῦ</em></strong></span> <span class='ocrx_word' id='word_1_142' title='bbox 343 1309 482 1353; x_wconf 81' lang='grc' dir='ltr'><strong><em>Ἰούδα</em></strong></span> <span class='ocrx_word' id='word_1_143' title='bbox 509 1311 741 1360; x_wconf 83' lang='grc' dir='ltr'><strong><em>δωδέκατος</em></strong></span> <span class='ocrx_word' id='word_1_144' title='bbox 782 1312 1052 1362; x_wconf 80' lang='grc' dir='ltr'><strong><em>ἐβασίλευσεν</em></strong></span> <span class='ocrx_word' id='word_1_145' title='bbox 1079 1307 1221 1365; x_wconf 72' lang='grc' dir='ltr'><strong><em>’Ἀχαζ</em></strong></span> <span class='ocrx_word' id='word_1_146' title='bbox 1250 1311 1323 1367; x_wconf 77' lang='grc' dir='ltr'><strong><em>ἔτη</em></strong></span> <span class='ocrx_word' id='word_1_147' title='bbox 1349 1315 1408 1368; x_wconf 84' lang='grc' dir='ltr'><strong><em>ης’</em></strong></span> <span class='ocrx_word' id='word_1_148' title='bbox 1427 1331 1436 1340; x_wconf 90' lang='grc'><em>·</em></span> <span class='ocrx_word' id='word_1_149' title='bbox 1492 1313 1569 1355; x_wconf 74' lang='grc' dir='ltr'><strong><em>τοῦ</em></strong></span> 
     </span>
     <span class='ocr_line' id='line_1_20' title="bbox 117 1371 1566 1436; baseline 0.002 -18"><span class='ocrx_word' id='word_1_150' title='bbox 117 1377 163 1418; x_wconf 83' lang='grc' dir='ltr'><strong><em>δὲ</em></strong></span> <span class='ocrx_word' id='word_1_151' title='bbox 190 1373 349 1429; x_wconf 85' lang='grc' dir='ltr'><strong><em>κόσμου</em></strong></span> <span class='ocrx_word' id='word_1_152' title='bbox 379 1371 432 1430; x_wconf 80' lang='grc' dir='ltr'><strong><em>ἧν</em></strong></span> <span class='ocrx_word' id='word_1_153' title='bbox 459 1374 551 1424; x_wconf 82' lang='grc' dir='ltr'><strong><em>ἔτος</em></strong></span> <span class='ocrx_word' id='word_1_154' title='bbox 581 1375 702 1432; x_wconf 52' lang='grc' dir='ltr'><strong><em>,δψηᾍ</em></strong></span> <span class='ocrx_word' id='word_1_155' title='bbox 749 1373 891 1430; x_wconf 73' lang='grc' dir='ltr'><strong><em>’Ἁχαζ</em></strong></span> <span class='ocrx_word' id='word_1_156' title='bbox 915 1377 1132 1430; x_wconf 77' lang='grc' dir='ltr'><strong><em>συντυχὼν</em></strong></span> <span class='ocrx_word' id='word_1_157' title='bbox 1160 1380 1217 1436; x_wconf 73' lang='grc' dir='ltr'><strong><em>τῷ</em></strong></span> <span class='ocrx_word' id='word_1_158' title='bbox 1235 1379 1566 1433; x_wconf 75' lang='grc' dir='ltr'><strong><em>’Θετλαβαλασὰρ</em></strong></span> 
     </span>
     <span class='ocr_line' id='line_1_21' title="bbox 117 1439 1568 1499; baseline 0.001 -15"><span class='ocrx_word' id='word_1_159' title='bbox 117 1443 163 1484; x_wconf 82' lang='grc' dir='ltr'><strong><em>ἐν</em></strong></span> <span class='ocrx_word' id='word_1_160' title='bbox 191 1442 407 1499; x_wconf 76' lang='grc' dir='ltr'><strong><em>Δαμασκῷ</em></strong></span> <span class='ocrx_word' id='word_1_161' title='bbox 434 1439 733 1497; x_wconf 73' lang='grc' dir='ltr'><strong><em>θυσιαστήριόν</em></strong></span> <span class='ocrx_word' id='word_1_162' title='bbox 758 1459 796 1484; x_wconf 89' lang='grc' dir='ltr'><strong><em>τι</em></strong></span> <span class='ocrx_word' id='word_1_163' title='bbox 827 1442 1042 1484; x_wconf 81' lang='grc' dir='ltr'><strong><em>εἰδωλικὸν</em></strong></span> <span class='ocrx_word' id='word_1_164' title='bbox 1077 1440 1187 1485; x_wconf 80' lang='grc' dir='ltr'><strong><em>εἶδε·</em></strong></span> <span class='ocrx_word' id='word_1_165' title='bbox 1244 1443 1391 1486; x_wconf 86' lang='grc' dir='ltr'><strong><em>τούτου</em></strong></span> <span class='ocrx_word' id='word_1_166' title='bbox 1425 1446 1568 1497; x_wconf 80' lang='grc' dir='ltr'><strong><em>λαβών</em></strong></span> 
     </span>
    </p>

    <p class='ocr_par' dir='ltr' id='par_1_7' title="bbox 59 1507 1569 1829">
     <span class='ocr_line' id='line_1_22' title="bbox 59 1507 1569 1566; baseline 0.002 -17"><span class='ocrx_word' id='word_1_167' title='bbox 59 1518 106 1552; x_wconf 79' lang='lat'><strong><em>20</em></strong></span> <span class='ocrx_word' id='word_1_168' title='bbox 119 1508 170 1550; x_wconf 85' lang='grc' dir='ltr'><strong><em>τὰ</em></strong></span> <span class='ocrx_word' id='word_1_169' title='bbox 193 1510 330 1562; x_wconf 84' lang='grc' dir='ltr'><strong><em>μέτρα</em></strong></span> <span class='ocrx_word' id='word_1_170' title='bbox 359 1507 603 1550; x_wconf 83' lang='grc' dir='ltr'><strong><em>α’πέστειλεν</em></strong></span> <span class='ocrx_word' id='word_1_171' title='bbox 636 1510 696 1557; x_wconf 84' lang='grc' dir='ltr'><strong><em>εἰς</em></strong></span> <span class='ocrx_word' id='word_1_172' title='bbox 721 1507 886 1563; x_wconf 77' lang='grc' dir='ltr'><strong><em>Ἰσραήλ</em></strong></span> <span class='ocrx_word' id='word_1_173' title='bbox 926 1507 1027 1563; x_wconf 86' lang='grc' dir='ltr'><strong><em>πρὸς</em></strong></span> <span class='ocrx_word' id='word_1_174' title='bbox 1059 1509 1222 1565; x_wconf 78' lang='grc' dir='ltr'><strong><em>Ου’ρίαν</em></strong></span> <span class='ocrx_word' id='word_1_175' title='bbox 1249 1508 1322 1551; x_wconf 81' lang='grc' dir='ltr'><strong><em>τὸν</em></strong></span> <span class='ocrx_word' id='word_1_176' title='bbox 1351 1512 1569 1566; x_wconf 72' lang='grc' dir='ltr'><strong><em>ἀρχιερέα,</em></strong></span> 
     </span>
     <span class='ocr_line' id='line_1_23' title="bbox 117 1569 1568 1632; baseline 0.003 -18"><span class='ocrx_word' id='word_1_177' title='bbox 117 1571 316 1622; x_wconf 84' lang='grc' dir='ltr'><strong><em>κελεύσας</em></strong></span> <span class='ocrx_word' id='word_1_178' title='bbox 341 1569 467 1630; x_wconf 75' lang='grc' dir='ltr'><strong><em>ὅμοια</em></strong></span> <span class='ocrx_word' id='word_1_179' title='bbox 496 1574 631 1616; x_wconf 81' lang='grc' dir='ltr'><strong><em>αύτοῦ</em></strong></span> <span class='ocrx_word' id='word_1_180' title='bbox 658 1575 830 1629; x_wconf 77' lang='grc' dir='ltr'><strong><em>ποιῆσαι</em></strong></span> <span class='ocrx_word' id='word_1_181' title='bbox 849 1591 860 1601; x_wconf 87' lang='grc'><em>·</em></span> <span class='ocrx_word' id='word_1_182' title='bbox 891 1576 935 1616; x_wconf 79' lang='grc' dir='ltr'><strong><em>ἐν</em></strong></span> <span class='ocrx_word' id='word_1_183' title='bbox 967 1569 1002 1632; x_wconf 74' lang='grc' dir='ltr'><em>ᾦ</em></span> <span class='ocrx_word' id='word_1_184' title='bbox 1028 1581 1112 1625; x_wconf 83' lang='grc' dir='ltr'><strong><em>τοῖς</em></strong></span> <span class='ocrx_word' id='word_1_185' title='bbox 1138 1579 1251 1624; x_wconf 78' lang='grc' dir='ltr'><strong><em>θεοῖς</em></strong></span> <span class='ocrx_word' id='word_1_186' title='bbox 1265 1575 1412 1630; x_wconf 78' lang='grc' dir='ltr'><strong><em>Σύρων</em></strong></span> <span class='ocrx_word' id='word_1_187' title='bbox 1442 1577 1568 1618; x_wconf 79' lang='grc' dir='ltr'><strong><em>ἔθυεν</em></strong></span> 
     </span>
     <span class='ocr_line' id='line_1_24' title="bbox 117 1637 1568 1696; baseline 0.003 -16"><span class='ocrx_word' id='word_1_188' title='bbox 117 1637 411 1696; x_wconf 74' lang='grc' dir='ltr'><strong><em>ὑποστρέψας,</em></strong></span> <span class='ocrx_word' id='word_1_189' title='bbox 453 1639 525 1681; x_wconf 80' lang='grc' dir='ltr'><strong><em>τὸν</em></strong></span> <span class='ocrx_word' id='word_1_190' title='bbox 562 1641 608 1682; x_wconf 77' lang='grc' dir='ltr'><strong><em>δὲ</em></strong></span> <span class='ocrx_word' id='word_1_191' title='bbox 635 1640 733 1681; x_wconf 83' lang='grc' dir='ltr'><strong><em>ναὸν</em></strong></span> <span class='ocrx_word' id='word_1_192' title='bbox 763 1643 846 1682; x_wconf 16' lang='grc' dir='ltr'><strong><em>’τοῦ</em></strong></span> <span class='ocrx_word' id='word_1_193' title='bbox 885 1642 992 1682; x_wconf 79' lang='grc' dir='ltr'><strong><em>θεοῦ</em></strong></span> <span class='ocrx_word' id='word_1_194' title='bbox 1033 1639 1229 1683; x_wconf 82' lang='grc' dir='ltr'><strong><em>ἔκλεισεν.</em></strong></span> <span class='ocrx_word' id='word_1_195' title='bbox 1285 1643 1464 1693; x_wconf 80' lang='grc' dir='ltr'><strong><em>Ἐζεκίας</em></strong></span> <span class='ocrx_word' id='word_1_196' title='bbox 1494 1641 1568 1684; x_wconf 82' lang='grc' dir='ltr'><strong><em>τὸν</em></strong></span> 
     </span>
     <span class='ocr_line' id='line_1_25' title="bbox 106 1700 1566 1763; baseline 0.001 -14"><span class='ocrx_word' id='word_1_197' title='bbox 106 1700 249 1760; x_wconf 73' lang='grc' dir='ltr'><strong><em>Ἀχαζ</em></strong></span> <span class='ocrx_word' id='word_1_198' title='bbox 295 1706 588 1758; x_wconf 77' lang='grc' dir='ltr'><strong><em>διαδεξάμενος</em></strong></span> <span class='ocrx_word' id='word_1_199' title='bbox 626 1705 649 1746; x_wconf 79' lang='grc' dir='ltr'><em>ὅ</em></span> <span class='ocrx_word' id='word_1_200' title='bbox 693 1705 787 1756; x_wconf 81' lang='grc' dir='ltr'><strong><em>υἱὸς</em></strong></span> <span class='ocrx_word' id='word_1_201' title='bbox 814 1706 1031 1759; x_wconf 83' lang='grc' dir='ltr'><strong><em>βασιλεύει</em></strong></span> <span class='ocrx_word' id='word_1_202' title='bbox 1053 1705 1126 1761; x_wconf 79' lang='grc' dir='ltr'><strong><em>ἔτη</em></strong></span> <span class='ocrx_word' id='word_1_203' title='bbox 1154 1707 1232 1760; x_wconf 86' lang='grc' dir='ltr'><strong><em>κθ’,</em></strong></span> <span class='ocrx_word' id='word_1_204' title='bbox 1262 1707 1367 1763; x_wconf 75' lang='grc' dir='ltr'><strong><em>ἀνὴρ</em></strong></span> <span class='ocrx_word' id='word_1_205' title='bbox 1397 1708 1566 1761; x_wconf 78' lang='grc' dir='ltr'><strong><em>εὐσεβέ-</em></strong></span> 
     </span>
     <span class='ocr_line' id='line_1_26' title="bbox 116 1769 1566 1829; baseline 0.001 -15"><span class='ocrx_word' id='word_1_206' title='bbox 116 1786 279 1821; x_wconf 84' lang='grc' dir='ltr'><strong><em>στατος.</em></strong></span> <span class='ocrx_word' id='word_1_207' title='bbox 333 1769 394 1814; x_wconf 81' lang='grc' dir='ltr'><strong><em>ἔτι</em></strong></span> <span class='ocrx_word' id='word_1_208' title='bbox 423 1773 497 1813; x_wconf 84' lang='grc' dir='ltr'>καί</span> <span class='ocrx_word' id='word_1_209' title='bbox 522 1771 594 1814; x_wconf 76' lang='grc' dir='ltr'><strong><em>ἐπί</em></strong></span> <span class='ocrx_word' id='word_1_210' title='bbox 622 1771 772 1814; x_wconf 89' lang='grc' dir='ltr'><strong><em>τούτου</em></strong></span> <span class='ocrx_word' id='word_1_211' title='bbox 795 1773 976 1822; x_wconf 68' lang='grc' dir='ltr'><strong><em>ἹΙσαιάς</em></strong></span> <span class='ocrx_word' id='word_1_212' title='bbox 1014 1772 1084 1815; x_wconf 82' lang='grc' dir='ltr'><strong><em>καὶ</em></strong></span> <span class='ocrx_word' id='word_1_213' title='bbox 1109 1771 1240 1829; x_wconf 82' lang='grc' dir='ltr'><strong><em>Ὠσηὲ</em></strong></span> <span class='ocrx_word' id='word_1_214' title='bbox 1274 1774 1345 1815; x_wconf 82' lang='grc' dir='ltr'>καί</span> <span class='ocrx_word' id='word_1_215' title='bbox 1369 1775 1566 1828; x_wconf 84' lang='grc' dir='ltr'><strong><em>Μιχαίας</em></strong></span> 
     </span>
    </p>
   </div>
   <div class='ocr_carea' id='block_1_3' title="bbox 118 1916 1570 2762">
    <p class='ocr_par' dir='ltr' id='par_1_8' title="bbox 118 1916 1567 2479">
     <span class='ocr_line' id='line_1_27' title="bbox 207 1916 1564 1963; baseline 0.001 -13"><span class='ocrx_word' id='word_1_216' title='bbox 207 1916 308 1950; x_wconf 86' lang='lat' dir='ltr'><strong>Osias</strong></span> <span class='ocrx_word' id='word_1_217' title='bbox 331 1916 404 1950; x_wconf 86' lang='lat' dir='ltr'><strong>sive</strong></span> <span class='ocrx_word' id='word_1_218' title='bbox 427 1917 621 1960; x_wconf 79' lang='lat' dir='ltr'>Zacharias,</span> <span class='ocrx_word' id='word_1_219' title='bbox 647 1918 807 1951; x_wconf 83' lang='lat' dir='ltr'><strong>Amesiae</strong></span> <span class='ocrx_word' id='word_1_220' title='bbox 830 1918 949 1960; x_wconf 84' lang='lat' dir='ltr'><strong>filius,</strong></span> <span class='ocrx_word' id='word_1_221' title='bbox 984 1929 1097 1952; x_wconf 79' lang='lat' dir='ltr'><strong>annos</strong></span> <span class='ocrx_word' id='word_1_222' title='bbox 1122 1918 1168 1953; x_wconf 77' lang='lat'><strong><em>52</em></strong></span> <span class='ocrx_word' id='word_1_223' title='bbox 1193 1919 1373 1963; x_wconf 82' lang='lat' dir='ltr'><strong>regnavit,</strong></span> <span class='ocrx_word' id='word_1_224' title='bbox 1409 1920 1463 1952; x_wconf 85' lang='lat' dir='ltr'><strong>vir</strong></span> <span class='ocrx_word' id='word_1_225' title='bbox 1487 1930 1564 1952; x_wconf 83' lang='lat' dir='ltr'><strong>ma-</strong></span> 
     </span>
     <span class='ocr_line' id='line_1_28' title="bbox 119 1963 1565 2011; baseline 0.001 -14"><span class='ocrx_word' id='word_1_226' title='bbox 119 1974 210 2008; x_wconf 78' lang='lat' dir='ltr'><strong>gnae</strong></span> <span class='ocrx_word' id='word_1_227' title='bbox 234 1965 273 1997; x_wconf 86' lang='lat' dir='ltr'><strong>in</strong></span> <span class='ocrx_word' id='word_1_228' title='bbox 299 1963 403 1997; x_wconf 88' lang='lat' dir='ltr'><strong>deum</strong></span> <span class='ocrx_word' id='word_1_229' title='bbox 427 1965 591 2010; x_wconf 81' lang='lat' dir='ltr'><strong>pietatis;</strong></span> <span class='ocrx_word' id='word_1_230' title='bbox 617 1971 741 2010; x_wconf 82' lang='lat' dir='ltr'><strong>postea</strong></span> <span class='ocrx_word' id='word_1_231' title='bbox 766 1976 849 1998; x_wconf 84' lang='lat' dir='ltr'><strong>vero</strong></span> <span class='ocrx_word' id='word_1_232' title='bbox 886 1978 964 1998; x_wconf 86' lang='lat' dir='ltr'><strong><em>cum</em></strong></span> <span class='ocrx_word' id='word_1_233' title='bbox 1000 1977 1096 1999; x_wconf 81' lang='lat' dir='ltr'><strong>sacra</strong></span> <span class='ocrx_word' id='word_1_234' title='bbox 1118 1967 1219 2000; x_wconf 89' lang='lat' dir='ltr'><strong>obire</strong></span> <span class='ocrx_word' id='word_1_235' title='bbox 1251 1972 1440 1999; x_wconf 81' lang='lat' dir='ltr'>conaretur</span> <span class='ocrx_word' id='word_1_236' title='bbox 1464 1966 1565 2011; x_wconf 85' lang='lat' dir='ltr'><strong>lepra</strong></span> 
     </span>
     <span class='ocr_line' id='line_1_29' title="bbox 119 2011 1564 2058; baseline 0.002 -15"><span class='ocrx_word' id='word_1_237' title='bbox 119 2017 176 2044; x_wconf 76' lang='lat' dir='ltr'><strong>est</strong></span> <span class='ocrx_word' id='word_1_238' title='bbox 205 2011 427 2056; x_wconf 84' lang='lat' dir='ltr'><strong>implicatus,</strong></span> <span class='ocrx_word' id='word_1_239' title='bbox 452 2017 490 2045; x_wconf 85' lang='lat' dir='ltr'><strong>et</strong></span> <span class='ocrx_word' id='word_1_240' title='bbox 527 2012 621 2045; x_wconf 86' lang='lat' dir='ltr'><strong>filius</strong></span> <span class='ocrx_word' id='word_1_241' title='bbox 659 2024 723 2058; x_wconf 87' lang='lat' dir='ltr'><strong><em>pro</em></strong></span> <span class='ocrx_word' id='word_1_242' title='bbox 749 2023 790 2045; x_wconf 87' lang='lat' dir='ltr'><strong>eo</strong></span> <span class='ocrx_word' id='word_1_243' title='bbox 816 2012 999 2046; x_wconf 74' lang='lat' dir='ltr'><strong>iudicavit.</strong></span> <span class='ocrx_word' id='word_1_244' title='bbox 1049 2025 1205 2047; x_wconf 86' lang='lat' dir='ltr'><strong>summus</strong></span> <span class='ocrx_word' id='word_1_245' title='bbox 1235 2013 1401 2046; x_wconf 80' lang='lat' dir='ltr'><strong>sacerdos</strong></span> <span class='ocrx_word' id='word_1_246' title='bbox 1426 2012 1491 2046; x_wconf 91' lang='lat' dir='ltr'><strong>sub</strong></span> <span class='ocrx_word' id='word_1_247' title='bbox 1521 2024 1564 2046; x_wconf 82' lang='lat' dir='ltr'><strong>eo</strong></span> 
     </span>
     <span class='ocr_line' id='line_1_30' title="bbox 120 2058 1565 2105; baseline 0.002 -15"><span class='ocrx_word' id='word_1_248' title='bbox 120 2064 196 2091; x_wconf 82' lang='lat' dir='ltr'><strong>erat</strong></span> <span class='ocrx_word' id='word_1_249' title='bbox 223 2060 385 2092; x_wconf 66' lang='lat' dir='ltr'><strong>Asai-ias·</strong></span> <span class='ocrx_word' id='word_1_250' title='bbox 377 2058 673 2105; x_wconf 80' lang='lat' dir='ltr'><strong>,prophetarunt</strong></span> <span class='ocrx_word' id='word_1_251' title='bbox 697 2060 804 2093; x_wconf 88' lang='lat' dir='ltr'><strong>Amos</strong></span> <span class='ocrx_word' id='word_1_252' title='bbox 831 2066 867 2093; x_wconf 76' lang='lat' dir='ltr'><strong>et</strong></span> <span class='ocrx_word' id='word_1_253' title='bbox 891 2061 1048 2101; x_wconf 82' lang='lat' dir='ltr'><strong>Hesaias,</strong></span> <span class='ocrx_word' id='word_1_254' title='bbox 1072 2064 1148 2094; x_wconf 86' lang='lat' dir='ltr'><strong>eius</strong></span> <span class='ocrx_word' id='word_1_255' title='bbox 1173 2061 1268 2093; x_wconf 83' lang='lat' dir='ltr'><strong>filius</strong></span> <span class='ocrx_word' id='word_1_256' title='bbox 1293 2066 1330 2093; x_wconf 81' lang='lat' dir='ltr'><strong>et</strong></span> <span class='ocrx_word' id='word_1_257' title='bbox 1354 2061 1471 2100; x_wconf 66' lang='lat' dir='ltr'><strong>Osee,</strong></span> <span class='ocrx_word' id='word_1_258' title='bbox 1497 2061 1565 2094; x_wconf 82' lang='lat' dir='ltr'><strong><em>Be-</em></strong></span> 
     </span>
     <span class='ocr_line' id='line_1_31' title="bbox 120 2105 1567 2151; baseline 0.001 -14"><span class='ocrx_word' id='word_1_259' title='bbox 120 2106 169 2138; x_wconf 90' lang='lat' dir='ltr'><strong>cri</strong></span> <span class='ocrx_word' id='word_1_260' title='bbox 193 2105 300 2147; x_wconf 86' lang='lat' dir='ltr'><strong>filius,</strong></span> <span class='ocrx_word' id='word_1_261' title='bbox 328 2111 365 2139; x_wconf 84' lang='lat' dir='ltr'><strong>et</strong></span> <span class='ocrx_word' id='word_1_262' title='bbox 388 2107 506 2147; x_wconf 83' lang='lat' dir='ltr'><strong>lonas,</strong></span> <span class='ocrx_word' id='word_1_263' title='bbox 529 2106 670 2140; x_wconf 72' lang='lat' dir='ltr'><strong>Amathi</strong></span> <span class='ocrx_word' id='word_1_264' title='bbox 699 2107 794 2139; x_wconf 85' lang='lat' dir='ltr'><strong>filius</strong></span> <span class='ocrx_word' id='word_1_265' title='bbox 825 2118 867 2139; x_wconf 85' lang='lat' dir='ltr'><strong>ex</strong></span> <span class='ocrx_word' id='word_1_266' title='bbox 893 2107 1050 2151; x_wconf 88' lang='lat' dir='ltr'><strong>Gopher.</strong></span> <span class='ocrx_word' id='word_1_267' title='bbox 1105 2107 1159 2140; x_wconf 84' lang='lat' dir='ltr'><strong><em>his</em></strong></span> <span class='ocrx_word' id='word_1_268' title='bbox 1185 2107 1406 2151; x_wconf 80' lang='lat' dir='ltr'>temporibus</span> <span class='ocrx_word' id='word_1_269' title='bbox 1430 2109 1567 2151; x_wconf 80' lang='lat' dir='ltr'><strong>Lycur·-</strong></span> 
     </span>
     <span class='ocr_line' id='line_1_32' title="bbox 119 2152 1565 2199; baseline 0.001 -15"><span class='ocrx_word' id='word_1_270' title='bbox 119 2163 182 2195; x_wconf 83' lang='lat' dir='ltr'><strong>gus</strong></span> <span class='ocrx_word' id='word_1_271' title='bbox 209 2152 497 2186; x_wconf 83' lang='lat' dir='ltr'>Lacedaemoniis</span> <span class='ocrx_word' id='word_1_272' title='bbox 536 2154 632 2198; x_wconf 82' lang='lat' dir='ltr'><strong>leges</strong></span> <span class='ocrx_word' id='word_1_273' title='bbox 676 2155 828 2198; x_wconf 72' lang='lat' dir='ltr'><strong>scripsit.</strong></span> <span class='ocrx_word' id='word_1_274' title='bbox 877 2153 1049 2194; x_wconf 77' lang='lat' dir='ltr'><strong>Ioatham,</strong></span> <span class='ocrx_word' id='word_1_275' title='bbox 1084 2155 1191 2188; x_wconf 83' lang='lat' dir='ltr'><strong>Osiae</strong></span> <span class='ocrx_word' id='word_1_276' title='bbox 1217 2155 1327 2194; x_wconf 81' lang='lat' dir='ltr'><strong>filius,</strong></span> <span class='ocrx_word' id='word_1_277' title='bbox 1352 2160 1432 2199; x_wconf 81' lang='lat' dir='ltr'><strong>post</strong></span> <span class='ocrx_word' id='word_1_278' title='bbox 1455 2155 1565 2199; x_wconf 84' lang='lat' dir='ltr'><strong>patris</strong></span> 
     </span>
     <span class='ocr_line' id='line_1_33' title="bbox 118 2199 1564 2256; baseline 0.001 -25"><span class='ocrx_word' id='word_1_279' title='bbox 118 2204 268 2232; x_wconf 80' lang='lat' dir='ltr'><strong>mortem</strong></span> <span class='ocrx_word' id='word_1_280' title='bbox 292 2211 404 2232; x_wconf 82' lang='lat' dir='ltr'><strong>annos</strong></span> <span class='ocrx_word' id='word_1_281' title='bbox 433 2199 475 2234; x_wconf 88' lang='lat'><strong><em>16</em></strong></span> <span class='ocrx_word' id='word_1_282' title='bbox 504 2202 660 2245; x_wconf 79' lang='lat' dir='ltr'><strong>regnavit</strong></span> <span class='ocrx_word' id='word_1_283' title='bbox 682 2206 719 2234; x_wconf 81' lang='lat' dir='ltr'><strong>et</strong></span> <span class='ocrx_word' id='word_1_284' title='bbox 744 2200 808 2233; x_wconf 87' lang='lat' dir='ltr'><strong>sub</strong></span> <span class='ocrx_word' id='word_1_285' title='bbox 839 2211 881 2232; x_wconf 92' lang='lat' dir='ltr'><strong>eo</strong></span> <span class='ocrx_word' id='word_1_286' title='bbox 898 2201 1158 2256; x_wconf 77' lang='lat' dir='ltr'><strong>prophetarunt</strong></span> <span class='ocrx_word' id='word_1_287' title='bbox 1172 2202 1299 2234; x_wconf 81' lang='lat' dir='ltr'><strong>lesaias</strong></span> <span class='ocrx_word' id='word_1_288' title='bbox 1322 2207 1358 2234; x_wconf 73' lang='lat' dir='ltr'><strong>et</strong></span> <span class='ocrx_word' id='word_1_289' title='bbox 1374 2200 1564 2241; x_wconf 83' lang='lat' dir='ltr'>Michaeas,</span> 
     </span>
     <span class='ocr_line' id='line_1_34' title="bbox 119 2246 1564 2294; baseline 0.001 -16"><span class='ocrx_word' id='word_1_290' title='bbox 119 2246 203 2278; x_wconf 79' lang='lat' dir='ltr'><strong>Uria</strong></span> <span class='ocrx_word' id='word_1_291' title='bbox 230 2257 367 2279; x_wconf 84' lang='lat' dir='ltr'><strong>summo</strong></span> <span class='ocrx_word' id='word_1_292' title='bbox 401 2247 596 2289; x_wconf 78' lang='lat' dir='ltr'><strong>sacerdote.</strong></span> <span class='ocrx_word' id='word_1_293' title='bbox 660 2248 775 2294; x_wconf 86' lang='lat' dir='ltr'><strong>primo</strong></span> <span class='ocrx_word' id='word_1_294' title='bbox 817 2259 910 2280; x_wconf 87' lang='lat' dir='ltr'><strong>anno</strong></span> <span class='ocrx_word' id='word_1_295' title='bbox 935 2249 1010 2280; x_wconf 86' lang='lat' dir='ltr'><strong>eius</strong></span> <span class='ocrx_word' id='word_1_296' title='bbox 1048 2249 1146 2292; x_wconf 82' lang='lat' dir='ltr'><strong>regni</strong></span> <span class='ocrx_word' id='word_1_297' title='bbox 1172 2247 1309 2292; x_wconf 80' lang='lat' dir='ltr'><strong>Iphitus</strong></span> <span class='ocrx_word' id='word_1_298' title='bbox 1335 2248 1564 2292; x_wconf 80' lang='lat' dir='ltr'>Olympiadas</span> 
     </span>
     <span class='ocr_line' id='line_1_35' title="bbox 119 2291 1564 2340; baseline 0.002 -16"><span class='ocrx_word' id='word_1_299' title='bbox 119 2291 289 2327; x_wconf 81' lang='lat' dir='ltr'><strong>instituit.</strong></span> <span class='ocrx_word' id='word_1_300' title='bbox 336 2293 375 2326; x_wconf 89' lang='lat' dir='ltr'><strong>in</strong></span> <span class='ocrx_word' id='word_1_301' title='bbox 400 2305 440 2326; x_wconf 76' lang='lat' dir='ltr'><strong>ea</strong></span> <span class='ocrx_word' id='word_1_302' title='bbox 465 2294 542 2339; x_wconf 87' lang='lat' dir='ltr'><strong>ipsa</strong></span> <span class='ocrx_word' id='word_1_303' title='bbox 570 2295 680 2340; x_wconf 82' lang='lat' dir='ltr'><strong>prima</strong></span> <span class='ocrx_word' id='word_1_304' title='bbox 709 2294 922 2339; x_wconf 81' lang='lat' dir='ltr'>Olympiade</span> <span class='ocrx_word' id='word_1_305' title='bbox 957 2296 1085 2328; x_wconf 83' lang='lat' dir='ltr'>Romus</span> <span class='ocrx_word' id='word_1_306' title='bbox 1110 2301 1146 2328; x_wconf 88' lang='lat' dir='ltr'><strong>et</strong></span> <span class='ocrx_word' id='word_1_307' title='bbox 1173 2296 1341 2328; x_wconf 87' lang='lat' dir='ltr'><strong>Romulus</strong></span> <span class='ocrx_word' id='word_1_308' title='bbox 1366 2296 1441 2327; x_wconf 74' lang='lat' dir='ltr'><strong>uati</strong></span> <span class='ocrx_word' id='word_1_309' title='bbox 1469 2301 1564 2334; x_wconf 88' lang='lat' dir='ltr'><strong>sunt,</strong></span> 
     </span>
     <span class='ocr_line' id='line_1_36' title="bbox 119 2339 1566 2387; baseline 0.002 -17"><span class='ocrx_word' id='word_1_310' title='bbox 119 2339 183 2384; x_wconf 87' lang='lat' dir='ltr'><strong><em>qui</em></strong></span> <span class='ocrx_word' id='word_1_311' title='bbox 207 2341 357 2385; x_wconf 79' lang='lat' dir='ltr'><strong>septima</strong></span> <span class='ocrx_word' id='word_1_312' title='bbox 381 2341 591 2384; x_wconf 82' lang='lat' dir='ltr'><strong>Olympiade</strong></span> <span class='ocrx_word' id='word_1_313' title='bbox 626 2343 769 2374; x_wconf 80' lang='lat' dir='ltr'>Romam</span> <span class='ocrx_word' id='word_1_314' title='bbox 799 2341 988 2374; x_wconf 81' lang='lat' dir='ltr'><strong>aedificare</strong></span> <span class='ocrx_word' id='word_1_315' title='bbox 1021 2348 1227 2387; x_wconf 82' lang='lat' dir='ltr'><strong>coeperunt.</strong></span> <span class='ocrx_word' id='word_1_316' title='bbox 1287 2342 1506 2374; x_wconf 74' lang='lat' dir='ltr'>aristocratia</span> <span class='ocrx_word' id='word_1_317' title='bbox 1545 2352 1566 2373; x_wconf 76' lang='lat' dir='ltr'>a</span> 
     </span>
     <span class='ocr_line' id='line_1_37' title="bbox 120 2386 1566 2434; baseline 0.001 -16"><span class='ocrx_word' id='word_1_318' title='bbox 120 2386 269 2419; x_wconf 78' lang='lat' dir='ltr'><strong>Romulo</strong></span> <span class='ocrx_word' id='word_1_319' title='bbox 301 2392 338 2420; x_wconf 85' lang='lat' dir='ltr'><strong>et</strong></span> <span class='ocrx_word' id='word_1_320' title='bbox 361 2388 567 2421; x_wconf 88' lang='lat' dir='ltr'><strong>consulibus</strong></span> <span class='ocrx_word' id='word_1_321' title='bbox 602 2388 766 2422; x_wconf 81' lang='lat' dir='ltr'><strong>instituta</strong></span> <span class='ocrx_word' id='word_1_322' title='bbox 805 2387 872 2420; x_wconf 83' lang='lat' dir='ltr'><strong>sub</strong></span> <span class='ocrx_word' id='word_1_323' title='bbox 903 2388 996 2421; x_wconf 92' lang='lat' dir='ltr'><strong>Iulio</strong></span> <span class='ocrx_word' id='word_1_324' title='bbox 1021 2389 1236 2434; x_wconf 84' lang='lat' dir='ltr'><strong>imperatore</strong></span> <span class='ocrx_word' id='word_1_325' title='bbox 1263 2390 1303 2422; x_wconf 88' lang='lat' dir='ltr'><strong>in</strong></span> <span class='ocrx_word' id='word_1_326' title='bbox 1326 2389 1566 2420; x_wconf 81' lang='lat' dir='ltr'><strong>monarchiam</strong></span> 
     </span>
     <span class='ocr_line' id='line_1_38' title="bbox 120 2433 861 2479; baseline 0.003 -14"><span class='ocrx_word' id='word_1_327' title='bbox 120 2433 237 2473; x_wconf 85' lang='lat' dir='ltr'><strong>cessit,</strong></span> <span class='ocrx_word' id='word_1_328' title='bbox 264 2439 452 2479; x_wconf 79' lang='lat' dir='ltr'><strong>postquam</strong></span> <span class='ocrx_word' id='word_1_329' title='bbox 478 2433 546 2468; x_wconf 80' lang='lat'><strong><em>245</em></strong></span> <span class='ocrx_word' id='word_1_330' title='bbox 572 2446 683 2468; x_wconf 84' lang='lat' dir='ltr'><strong>annos</strong></span> <span class='ocrx_word' id='word_1_331' title='bbox 711 2435 861 2468; x_wconf 80' lang='lat' dir='ltr'><strong>duravit.</strong></span> 
     </span>
    </p>

    <p class='ocr_par' dir='ltr' id='par_1_9' title="bbox 120 2478 1570 2762">
     <span class='ocr_line' id='line_1_39' title="bbox 213 2478 1565 2524; baseline -0.001 -13"><span class='ocrx_word' id='word_1_332' title='bbox 213 2480 452 2514; x_wconf 88' lang='lat' dir='ltr'><strong>Duodecimus</strong></span> <span class='ocrx_word' id='word_1_333' title='bbox 487 2481 698 2515; x_wconf 85' lang='lat' dir='ltr'><strong>Iudaeorum</strong></span> <span class='ocrx_word' id='word_1_334' title='bbox 739 2493 801 2515; x_wconf 74' lang='lat' dir='ltr'><strong>rex</strong></span> <span class='ocrx_word' id='word_1_335' title='bbox 827 2482 896 2514; x_wconf 81' lang='lat' dir='ltr'><strong>fuit</strong></span> <span class='ocrx_word' id='word_1_336' title='bbox 921 2482 1047 2524; x_wconf 81' lang='lat' dir='ltr'><strong>Achas;</strong></span> <span class='ocrx_word' id='word_1_337' title='bbox 1081 2481 1205 2516; x_wconf 87' lang='lat' dir='ltr'><strong>mundi</strong></span> <span class='ocrx_word' id='word_1_338' title='bbox 1229 2493 1342 2514; x_wconf 83' lang='lat' dir='ltr'><strong>annus</strong></span> <span class='ocrx_word' id='word_1_339' title='bbox 1370 2480 1440 2512; x_wconf 80' lang='lat' dir='ltr'><strong>fuit</strong></span> <span class='ocrx_word' id='word_1_340' title='bbox 1462 2478 1565 2514; x_wconf 77' lang='lat'><strong>4708.</strong></span> 
     </span>
     <span class='ocr_line' id='line_1_40' title="bbox 121 2525 1568 2572; baseline 0 -14"><span class='ocrx_word' id='word_1_341' title='bbox 121 2525 234 2559; x_wconf 81' lang='lat' dir='ltr'><strong>Achas</strong></span> <span class='ocrx_word' id='word_1_342' title='bbox 261 2538 370 2572; x_wconf 89' lang='lat' dir='ltr'><strong>quum</strong></span> <span class='ocrx_word' id='word_1_343' title='bbox 393 2529 555 2561; x_wconf 81' lang='lat' dir='ltr'><strong>Damasci</strong></span> <span class='ocrx_word' id='word_1_344' title='bbox 591 2530 818 2563; x_wconf 80' lang='lat' dir='ltr'><strong>convenisset</strong></span> <span class='ocrx_word' id='word_1_345' title='bbox 850 2529 1126 2562; x_wconf 74' lang='lat' dir='ltr'><strong><em>&#39;shetlabalasar</em></strong></span> <span class='ocrx_word' id='word_1_346' title='bbox 1158 2535 1194 2563; x_wconf 78' lang='lat' dir='ltr'><strong>et</strong></span> <span class='ocrx_word' id='word_1_347' title='bbox 1220 2529 1352 2572; x_wconf 83' lang='lat' dir='ltr'><strong>gentile</strong></span> <span class='ocrx_word' id='word_1_348' title='bbox 1378 2528 1488 2559; x_wconf 80' lang='lat' dir='ltr'><strong>altare</strong></span> <span class='ocrx_word' id='word_1_349' title='bbox 1512 2527 1568 2559; x_wconf 82' lang='lat' dir='ltr'><strong>vi-</strong></span> 
     </span>
     <span class='ocr_line' id='line_1_41' title="bbox 120 2574 1568 2620; baseline 0.001 -15"><span class='ocrx_word' id='word_1_350' title='bbox 120 2574 242 2614; x_wconf 84' lang='lat' dir='ltr'><strong>disset,</strong></span> <span class='ocrx_word' id='word_1_351' title='bbox 268 2574 311 2606; x_wconf 87' lang='lat' dir='ltr'><strong><em>ab</em></strong></span> <span class='ocrx_word' id='word_1_352' title='bbox 338 2584 380 2607; x_wconf 87' lang='lat' dir='ltr'><strong>eo</strong></span> <span class='ocrx_word' id='word_1_353' title='bbox 406 2586 586 2608; x_wconf 77' lang='lat' dir='ltr'><strong>mensuras</strong></span> <span class='ocrx_word' id='word_1_354' title='bbox 614 2577 764 2620; x_wconf 84' lang='lat' dir='ltr'><strong>sumpsit</strong></span> <span class='ocrx_word' id='word_1_355' title='bbox 785 2576 873 2608; x_wconf 86' lang='lat' dir='ltr'><strong>etin</strong></span> <span class='ocrx_word' id='word_1_356' title='bbox 891 2576 1001 2609; x_wconf 83' lang='lat' dir='ltr'><strong>Israel</strong></span> <span class='ocrx_word' id='word_1_357' title='bbox 1026 2576 1072 2609; x_wconf 86' lang='lat' dir='ltr'><strong><em>ad</em></strong></span> <span class='ocrx_word' id='word_1_358' title='bbox 1099 2577 1229 2616; x_wconf 85' lang='lat' dir='ltr'><strong>Uriam,</strong></span> <span class='ocrx_word' id='word_1_359' title='bbox 1255 2585 1426 2607; x_wconf 84' lang='lat' dir='ltr'><strong>summum</strong></span> <span class='ocrx_word' id='word_1_360' title='bbox 1450 2584 1568 2606; x_wconf 79' lang='lat' dir='ltr'><strong>sacer-</strong></span> 
     </span>
     <span class='ocr_line' id='line_1_42' title="bbox 121 2620 1569 2668; baseline 0 -16"><span class='ocrx_word' id='word_1_361' title='bbox 121 2620 254 2660; x_wconf 77' lang='lat' dir='ltr'><strong>dotem,</strong></span> <span class='ocrx_word' id='word_1_362' title='bbox 283 2621 391 2660; x_wconf 80' lang='lat' dir='ltr'><strong>misit,</strong></span> <span class='ocrx_word' id='word_1_363' title='bbox 415 2621 554 2662; x_wconf 86' lang='lat' dir='ltr'><strong>iubens,</strong></span> <span class='ocrx_word' id='word_1_364' title='bbox 583 2623 711 2655; x_wconf 82' lang='lat' dir='ltr'><strong>similia</strong></span> <span class='ocrx_word' id='word_1_365' title='bbox 746 2624 876 2663; x_wconf 79' lang='lat' dir='ltr'><strong>facere,</strong></span> <span class='ocrx_word' id='word_1_366' title='bbox 905 2634 975 2668; x_wconf 85' lang='lat' dir='ltr'><strong>qua</strong></span> <span class='ocrx_word' id='word_1_367' title='bbox 1004 2634 1040 2655; x_wconf 85' lang='lat' dir='ltr'><strong>re</strong></span> <span class='ocrx_word' id='word_1_368' title='bbox 1075 2623 1239 2667; x_wconf 81' lang='lat' dir='ltr'><strong>Syrorum</strong></span> <span class='ocrx_word' id='word_1_369' title='bbox 1265 2623 1332 2653; x_wconf 89' lang='lat' dir='ltr'><strong>diis</strong></span> <span class='ocrx_word' id='word_1_370' title='bbox 1358 2632 1421 2665; x_wconf 88' lang='lat' dir='ltr'><strong>per</strong></span> <span class='ocrx_word' id='word_1_371' title='bbox 1444 2631 1569 2665; x_wconf 78' lang='lat' dir='ltr'><strong>pecca·</strong></span> 
     </span>
     <span class='ocr_line' id='line_1_43' title="bbox 121 2667 1570 2724; baseline -0.001 -24"><span class='ocrx_word' id='word_1_372' title='bbox 121 2672 197 2700; x_wconf 87' lang='lat' dir='ltr'><strong>tum</strong></span> <span class='ocrx_word' id='word_1_373' title='bbox 232 2667 450 2708; x_wconf 77' lang='lat' dir='ltr'><strong>sacrificavit,</strong></span> <span class='ocrx_word' id='word_1_374' title='bbox 493 2668 552 2702; x_wconf 85' lang='lat' dir='ltr'><strong><em>dei</em></strong></span> <span class='ocrx_word' id='word_1_375' title='bbox 589 2675 708 2703; x_wconf 81' lang='lat' dir='ltr'><strong>autem</strong></span> <span class='ocrx_word' id='word_1_376' title='bbox 749 2670 923 2724; x_wconf 83' lang='lat' dir='ltr'><strong>templum</strong></span> <span class='ocrx_word' id='word_1_377' title='bbox 958 2670 1096 2703; x_wconf 83' lang='lat' dir='ltr'><strong>clausit.</strong></span> <span class='ocrx_word' id='word_1_378' title='bbox 1156 2669 1266 2703; x_wconf 80' lang='lat' dir='ltr'><strong>Achas</strong></span> <span class='ocrx_word' id='word_1_379' title='bbox 1301 2667 1444 2701; x_wconf 82' lang='lat' dir='ltr'><strong>Esekias</strong></span> <span class='ocrx_word' id='word_1_380' title='bbox 1474 2667 1570 2699; x_wconf 76' lang='lat' dir='ltr'><strong>filius</strong></span> 
     </span>
     <span class='ocr_line' id='line_1_44' title="bbox 124 2708 1569 2762; baseline 0 -15"><span class='ocrx_word' id='word_1_381' title='bbox 124 2715 269 2760; x_wconf 78' lang='lat' dir='ltr'><strong>excepit</strong></span> <span class='ocrx_word' id='word_1_382' title='bbox 305 2716 537 2761; x_wconf 76' lang='lat' dir='ltr'><strong>regnavitque</strong></span> <span class='ocrx_word' id='word_1_383' title='bbox 562 2715 607 2750; x_wconf 80' lang='lat'><strong><em>29</em></strong></span> <span class='ocrx_word' id='word_1_384' title='bbox 644 2728 781 2758; x_wconf 83' lang='lat' dir='ltr'><strong>annos,</strong></span> <span class='ocrx_word' id='word_1_385' title='bbox 805 2717 859 2751; x_wconf 89' lang='lat' dir='ltr'><strong>vir</strong></span> <span class='ocrx_word' id='word_1_386' title='bbox 894 2708 1051 2750; x_wconf 76' lang='lat' dir='ltr'><strong>&#39;summae</strong></span> <span class='ocrx_word' id='word_1_387' title='bbox 1086 2717 1241 2762; x_wconf 70' lang='lat' dir='ltr'><strong>piet-ntis.</strong></span> <span class='ocrx_word' id='word_1_388' title='bbox 1292 2714 1407 2748; x_wconf 82' lang='lat' dir='ltr'><strong>adhuc</strong></span> <span class='ocrx_word' id='word_1_389' title='bbox 1435 2714 1499 2748; x_wconf 84' lang='lat' dir='ltr'><strong>sub</strong></span> <span class='ocrx_word' id='word_1_390' title='bbox 1526 2725 1569 2747; x_wconf 87' lang='lat' dir='ltr'><strong>eo</strong></span> 
     </span>
    </p>
   </div>
  </div>
 </body>
</html>
