1806 3158
648 111 1140 156 CHRONOGRAPHIA.
1549 106 1613 154 63

161 213 220 261 αῗν
247 219 291 268 ἐξ
316 217 493 269 αἳματος
537 214 758 268 βασιλικοῦ
805 214 1013 264 διεδέξατο
1043 211 1181 255 αὐτόν.
1237 213 1447 266 Ἀγρίππα
1474 218 1614 255 τελευ-

158 283 361 339 τήσαντος
392 283 559 337 Φῆστος
584 282 838 323 καθίσταται
869 277 1068 333 διάδοχος
1094 277 1177 321 ὑπὸ
1204 281 1410 334 Νέρωνος,
1435 280 1613 328 Παῦλος

156 353 210 393 δὲ
250 349 471 406 κηρύσσων
511 347 554 391 τὸ
592 349 833 402 εὐαγγέλιον
871 347 1288 402 δικαιολογησάμενος
1325 347 1397 388 ἐηί
1441 343 1610 400 Φήστου

158 418 370 471 πέμπεται
397 414 502 471 πρὸς
530 416 722 469 Νέρωνα,
750 413 824 454 καί
855 410 902 454 τὸ
929 416 1006 466 μὲν
1034 414 1312 467 ἀπολογεῖται,
1339 410 1533 467 δεύτερον
1565 414 1613 454 δὲ

126 485 204 526 5ἑν
225 484 365 540 Ῥώμῃ
404 480 541 525 ἐλθών
588 481 662 536 τήν
705 478 892 535 κεφαλὴν
925 481 1203 532 ἀποτέμνεται
1243 477 1360 533 παρὰ
1404 481 1610 532 Νέρωνος.

160 548 362 598 ὡσαύτως
391 548 463 589 καί
494 550 663 603 Πέτρον
698 544 771 589 τόν
799 552 1033 602 κορυφαῖον
1073 546 1480 599 ἀνασκολοπισθῆναι
1509 560 1612 600 προ-

158 614 341 658 στάττει.
406 615 479 656 ἐπί
514 614 664 656 τούτου
704 615 908 657 Ἰουδαῖοι
956 612 1158 665 Ἰάκωβον
1200 610 1274 653 τὸν
1312 610 1501 667 α’ὃελφὸν
1536 614 1613 654 τοῦ

157 683 306 735 κυρίου
337 680 420 723 ἀπὸ
449 682 527 722 τοῦ
557 681 780 734 πτερυγιόυ
812 681 889 721 τοῦ
916 677 1036 734 ἱεροῦ
1073 676 1319 733 ὦθήσαντες
1346 677 1609 734 ἐφόνευσαν·

157 749 232 790 καί
255 745 452 802 παρευθὺ
484 746 555 788 διὰ
595 744 670 801 τὴν
698 746 848 788 τούτου
877 746 1092 799 α’ναίρεσιν
1124 744 1455 798 Οὐεσπασιανός,
1484 761 1611 799 στρα-

103 825 146 860 10
159 812 282 870 τηγὸς
318 808 377 857 ὢν
413 814 647 868 Ῥωμαίων,
679 816 837 869 πορθεῖ
876 811 929 855 τὰ
963 809 1269 868 Ἱεροσόλυμα,
1310 809 1366 861 ὦς
1407 811 1611 861 Ἰώσεπος

156 879 325 938 ἱστορεῖ.
1315 874 1321 878 ”

802 981 953 1028 Γάλβας.

265 1070 437 1125 Γάλβας
465 1071 710 1125 ἐβασίλευσε
753 1073 889 1127 μῆνας
919 1070 959 1113 θ’
994 1071 1151 1126 ἡμέρας
1180 1070 1243 1125 ιγ’,
1268 1064 1319 1124 ἧν
1347 1070 1394 1111 δὲ
1423 1070 1506 1111 ταῖν
1533 1068 1734 1126 eii-fiij?
1759 1069 1790 1103 δ’

100 1139 399 1193 15πατριὸαἶν,
447 1134 535 1192 εἶχε
582 1140 628 1179 δὲ
670 1140 1096 1194 παραδυναστεύοντα
1130 1137 1202 1180 τὸν
1220 1133 1402 1192 ”Οθωνα,’
1433 1133 1478 1184 ὃς
1507 1130 1682 1177 ἶὸὠντης
1717 1127 1782 1150 ‘'⁶“

152 1204 226 1246 τὸν
252 1204 422 1259 Γάλβαν
462 1206 650 1247 Λούκιον
695 1207 755 1254 εἰς
782 1204 1002 1247 υἱοθεσίαν
1041 1202 1362 1260 παραλαβόντα,
1391 1202 1611 1258 φθονήσας

152 1274 226 1314 καί
264 1270 310 1314 τό
358 1271 598 1327 στράτευμα
642 1275 733 1314 κατ’
774 1272 910 1313 αὐτοῦ’
956 1271 1149 1327 κινήσας,
1195 1272 1434 1313 α’πέκτεινεν
1464 1268 1607 1314 αὐτόν.

152 1338 463 1392 ἀπαιτούμενος
491 1340 538 1380 δὲ
564 1337 584 1379 ὅ
609 1335 750 1381 ’Όθων
777 1338 977 1393 χρήματα
1005 1337 1121 1394 παρὰ
1161 1340 1243 1380 τῶν
1274 1339 1550 1392 στρατιωτῶν,
1580 1334 1610 1376 ἃ

151 1400 358 1457 ὑπέσχετο
393 1405 558 1460 αὕτοῖς,
588 1403 670 1460 ἔφη
713 1406 791 1447 “ov’
835 1407 906 1447 δεῖ
932 1404 1224 1458 αὐτοκράτορα
1254 1404 1608 1456 ἄναγκιὶζεσθαι.”

96 1464 285 1513 ΩΟὌθων
314 1472 561 1523 ἐβασίλευσε
587 1473 725 1527 μῆνας
755 1477 865 1526 τρεῖς
896 1463 1058 1525 ἡμέρας
1086 1468 1135 1524 η’,
1177 1466 1227 1525 ἦν
1253 1471 1299 1511 δὲ
1326 1472 1471 1523 γένους
1499 1467 1608 1522 ἄσή-

151 1552 248 1588 μου.
305 1538 421 1578 θύων
463 1539 510 1579 δέ
538 1553 635 1579 ποτε
679 1537 722 1580 ἐν
761 1540 816 1595 τῷ
841 1537 939 1594 ἱερῷ
979 1537 1028 1579 τὰ
1059 1541 1132 1592 τῆς
1155 1534 1407 1592 Ἀφροδίτης
1437 1532 1606 1591 ᾅσματα

153 1607 239 1651 τοῖς
270 1601 397 1658 ἱεροῖς
428 1605 644 1659 παρέμιξε.
714 1603 785 1645 καί
813 1603 883 1646 διὰ
913 1607 1037 1646 τοῦτο
1068 1607 1270 1646 Βιταλιόυ
1304 1603 1418 1659 αὐτῷ
1449 1604 1607 1644 ἐπανα-

245 1726 280 1759 4·
305 1721 362 1770 τό]
387 1726 496 1763 τότεὶ>

154 1853 225 1886 que
251 1843 412 1875 venatori
435 1853 555 1888 neque
580 1843 786 1877 citharoedo
816 1843 949 1877 servire
975 1844 1153 1888 possum.”
1202 1855 1282 1876 eum
1310 1842 1426 1877 Galba
1451 1843 1605 1887 excepit,

153 1889 208 1921 vir
235 1900 308 1921 non
346 1889 432 1934 regii
473 1891 664 1934 sanguinis.
727 1896 869 1924 mortuo
903 1892 1059 1936 Agrippa
1099 1892 1137 1924 in
1174 1891 1251 1924 eius
1277 1891 1392 1924 locum
1417 1902 1436 1922 a
1462 1890 1605 1923 Nerone

153 1937 368 1970 constitutus
393 1942 445 1970 est
472 1937 607 1972 Festus.
659 1937 723 1971 sub
751 1949 824 1984 quo
850 1950 958 1984 quum
990 1939 1118 1972 Paulus
1144 1939 1368 1982 evangelium
1396 1937 1604 1971 renuntians

152 1993 234 2016 reus
259 1983 371 2017 sactus
398 1990 502 2026 esset,
528 1985 573 2018 ad
596 1985 775 2018 Neronem
802 1986 928 2019 missus
953 1993 1017 2019 est.
1085 1998 1126 2019 ac
1150 1992 1225 2018 tum
1250 1985 1395 2031 quidem
1417 1985 1604 2018 absolutus

154 2035 220 2070 est,
245 2031 372 2064 iterum
401 2037 518 2064 autem
544 2044 651 2078 quum
670 2034 814 2065 Romam
842 2034 1000 2067 venisset
1024 2039 1132 2078 caput
1157 2034 1190 2066 ei
1215 2045 1235 2065 a
1256 2034 1397 2066 Nerone
1426 2032 1603 2065 abscisum

154 2084 219 2110 est.
268 2078 354 2111 item
384 2080 489 2112 etiam
518 2080 658 2113 Petrum
683 2081 922 2125 coryphaeum
951 2082 1107 2125 crucifigi
1149 2081 1264 2114 iussit.
1314 2080 1380 2114 sul)
1409 2091 1450 2113 eo
1479 2079 1603 2112 Iudaei

152 2124 331 2166 Iacobum,
358 2125 492 2159 domini
520 2127 676 2169 fratrem,
707 2139 726 2160 a
752 2129 934 2161 cacumine
951 2128 1301 2174 templideiicientes
1324 2126 1602 2168 interfecerunt3

153 2177 191 2204 et
215 2173 332 2206 statim
366 2180 514 2218 propter
548 2175 625 2207 eius
663 2186 784 2208 necem
816 2176 1068 2220 Vespasianus,
1105 2175 1176 2208 dux
1200 2177 1447 2216 Romanorum,
1474 2174 1603 2208 Hiero-

153 2219 287 2263 solyma
312 2220 458 2262 delevit,
479 2221 530 2255 sic
554 2228 594 2256 ut
617 2224 808 2256 memoriae
834 2222 996 2268 prodidit
1019 2222 1203 2269 Iosephus.

808 2324 943 2359 GALBA.

245 2404 416 2447 Regnavit
442 2406 556 2440 Galba
580 2406 602 2440 9
626 2418 764 2440 menses
802 2406 950 2453 diesque
980 2406 1035 2449 13,
1067 2407 1121 2440 vir
1143 2405 1258 2446 nobili
1286 2405 1365 2438 loco
1393 2408 1509 2436 natus.
1535 2414 1597 2436 eo-

153 2449 234 2482 dem
262 2455 421 2495 tempore
446 2453 542 2487 Otho
568 2466 713 2499 regnum
738 2456 913 2488 affectavit
930 2481 938 2495 ‚
964 2455 1024 2500 qui
1053 2466 1132 2488 cum
1171 2454 1316 2487 Lucium
1342 2463 1361 2484 a
1392 2451 1508 2483 Galba
1532 2450 1600 2483 ad-

153 2497 268 2541 optari
293 2498 440 2540 videret,
469 2503 625 2535 exercitu
663 2503 813 2536 incitato
861 2513 942 2535 eum
974 2502 1117 2535 occidit.
1173 2512 1283 2546 quum
1314 2500 1383 2531 iam
1420 2498 1600 2531 Othonem

150 2544 282 2577 milites
308 2548 494 2590 pecuniam
521 2555 708 2594 poscerent
747 2550 814 2583 sibi
843 2549 1065 2595 promissam,
1097 2560 1195 2590 „non
1222 2547 1336 2587 decet,
1364 2545 1495 2590 inquit,
1521 2544 1602 2589 cogi

151 2592 433 2636 imperatorem?
492 2596 588 2629 Otho
625 2602 697 2630 tres
733 2608 872 2631 menses
907 2598 1065 2641 regnavit
1101 2597 1252 2639 diesque
1286 2593 1329 2634 ὃς
1370 2603 1500 2635 genere
1525 2597 1604 2625 erat

152 2639 317 2682 ignobili.
366 2641 428 2686 qui
464 2654 540 2676 cum
583 2644 777 2690 aliquando
814 2645 853 2679 in
888 2645 1023 2690 templo
1059 2643 1272 2678 sacrificaret
1304 2640 1455 2673 Veneris
1479 2645 1602 2673 cantus

151 2687 256 2720 sacris
281 2688 433 2730 miscuit,
459 2701 640 2738 quumque
668 2698 862 2739 propterea
886 2692 1056 2726 Vitellius
1081 2696 1203 2725 contra
1227 2699 1307 2723 eum
1332 2692 1500 2733 surgeret,
1526 2687 1604 2732 gla-
