1838 3132
286 131 383 180 472
834 141 1166 184 EUSTATfflUs

284 253 436 292 τακτοι,
467 235 546 280 ὅσα
577 241 653 280 και·
676 237 888 294 ου’ράναις,
917 239 1026 282 εἴποι
1054 238 1108 281 (ἲν
1133 239 1160 294 ἦ
1188 241 1424 298 τραγῳδία,
1445 247 1532 291 τοῖς
1565 243 1612 284 δὲ
1640 243 1721 283 τῶν

285 299 422 358 οὔρων
451 303 629 358 δοχειόις
660 300 726 346 οἷα
755 306 828 346 καί
853 304 1062 359 ποτηρίοις
1092 306 1337 359 ἐκέχρηντος
1369 307 1413 348 οἳ
1439 322 1486 361 γε
1512 307 1594 348 καὶ
1613 305 1717 349 κατὰ

285 369 478 425 φρεάτων
508 371 701 425 α’φιὲντες
719 373 940 425 προρρέειν
958 370 1029 412 τὸν
1046 372 1120 412 τοῦ
1137 375 1224 413 κατ’
1245 370 1399 420 αὐτοὺς
1427 373 1560 413 ἀσκοῦ
1586 371 1718 424 πρού-

280 451 409 487 χοντα
437 434 562 488 πόδα,
590 431 678 477 εἶτα
709 435 988 489 ὑδρευόμενοι
1019 434 1158 478 ἔπινον
1183 438 1260 478 τοῦ
1283 438 1474 489 μιασμοῦ
1500 435 1718 480 καὶτοῦτο

281 498 406 542 πάλιν
434 503 507 542 καί
527 502 661 555 πάλιν,
689 500 762 543 καί
787 501 920 543 εἰσαεὶ
945 502 1091 543 κύκλον
1116 505 1257 544 τοῦτον
1288 499 1508 551 ἑλίττοντες
1535 503 1752 557 οἶσελγῆ.-5

391 566 517 609 Ἀλλὰ
552 568 676 609 τοῦτο
710 570 787 619 μὲν
821 565 884 622 εἴη
925 564 977 609 (ἲν
1006 570 1078 609 καί
1103 571 1260 621 γελοῖον
1295 570 1562 623 παραρριφὲν
1588 566 1720 624 εἷρμῷ

280 634 363 672 vm*
391 637 464 673 καί
493 633 597 674 αὐτό
613 649 622 659 ·
679 629 708 674 ἃ
739 635 786 675 δὲ
812 632 954 674 α’νόπιν
979 632 1335 689 συγγεγράφαται,
1362 635 1451 675 ἀλλ’
1477 637 1612 676 ἐκεῖνα
1635 650 1720 687 μυ-

281 698 352 751 ρία
383 700 689 752 προκαλοῦνται
729 700 904 752 δάκρυα.
973 698 1115 740 ὁποῖον
1152 699 1223 740 καί
1247 697 1290 739 τὸ
1333 700 1408 740 τοῦ
1432 696 1716 752 μυροβλύτου,

280 757 329 804 οὗ
358 765 416 820 τῷ
441 763 558 820 τάφῳ
583 762 880 817 ἐμπεπωκότες
905 763 1007 816 μετὰ
1026 766 1226 805 πελέκεων
1254 762 1292 805 οἱ
1319 762 1515 806 τοιούτων
1531 765 1590 812 εἰς
1620 778 1718 805 ποι-

279 827 356 883 νήν
384 825 494 879 ἄξιοι
523 829 594 871 τόν
619 845 662 871 τε
691 833 810 882 πέριξ
841 828 1140 881 ἐπιπολάζοντα
1170 829 1323 882 κόσμον
1350 830 1394 880 ἐξ
1423 828 1617 884 ἀργύρου,
1641 844 1713 870 κα·
1729 841 1773 874 1⁰

279 894 481 948 ιε’κοψαν,
511 896 583 936 καί
607 893 678 937 τὸν
704 895 809 950 ὑπὲρ
844 897 1025 951 κεφαλῆς
1063 897 1109 936 δὲ
1137 897 1390 949 περιείλοντο
1414 896 1595 949 χρύσεον
1622 896 1716 937 στέι.

281 974 434 1015 φανον,
481 962 554 1001 καί
579 960 663 1014 μήν
692 959 764 1002 καί
799 960 872 1002 τὸν
902 962 1039 1014 ἕτερον
1079 960 1290 1014 ἀπήγαγον
1322 968 1408 1002 τοῖν
1450 962 1620 1013 ποδοῖν,
1643 959 1714 1003 ἵνα

277 1025 390 1078 τάχα
417 1023 464 1066 τὸ
516 1027 697 1075 ποδῶκες
733 1028 805 1080 τῆς
832 1028 875 1076 ἐξ
902 1027 1057 1067 ἐκείνου
1093 1028 1207 1080 δίκης
1233 1028 1472 1067 ἑκκλίναιεν.
1528 1022 1606 1066 κᾶν
1631 1027 1716 1076 ἐξά-

280 1094 441 1144 πραξαν
469 1088 512 1139 ἐς
539 1088 582 1132 τὸ
613 1090 706 1142 πὰν,
733 1093 773 1132 εἰ
799 1091 857 1144 μή
889 1089 934 1131 τὸ
958 1094 1070 1131 θεῖον
1098 1091 1250 1145 α’ντέβη
1275 1090 1347 1131 καί
1370 1089 1477 1143 ταχύ
1508 1089 1717 1145 ὄδηγῆσαν

280 1155 374 1204 τούς
404 1158 641 1210 κρείττονας
669 1153 711 1196 ἔν
727 1171 773 1209 γε
802 1160 886 1204 τοῖς
911 1154 1139 1210 βαρβάροις
1165 1158 1224 1203 εἰς
1249 1156 1444 1209 κωλύμην
1461 1157 1714 1196 κατεπέτασε
1730 1166 1772 1200 25

279 1222 357 1262 τοῦ
387 1222 529 1261 κακοῦ.
596 1222 799 1274 εὐνοῦχος
837 1220 919 1274 γὰρ
960 1223 1034 1262 τοῦ
1071 1220 1218 1275 ῥηγός,
1261 1221 1416 1274 α’μιρᾶς
1462 1219 1538 1273 τήν
1580 1221 1717 1274 α’ξιάν,

280 1283 471 1342 πράττειν
498 1281 596 1336 ὄξὺς
623 1287 697 1326 καί
721 1284 900 1341 θερμός,
930 1281 1016 1334 οἷος
1034 1284 1166 1341 φόβον
1190 1284 1330 1338 βαθὺν
1358 1288 1637 1338 καταπέμπειν
1654 1281 1719 1335 οἷς

279 1347 333 1394 ἂν
370 1347 514 1405 ἄγριος
562 1354 884 1406 προσενεχθειή,
935 1350 1114 1407 ἔφιππος
1164 1349 1381 1399 εἰσελάσας
1398 1385 1409 1404 ,
1453 1350 1509 1398 ὥς
1550 1351 1624 1392 οὔκ
1667 1345 1719 1392 ἄν

282 1433 345 1466 τις
393 1418 575 1468 ἐλπίσοι,
616 1418 694 1465 ἕως
738 1418 798 1465 εἰς
838 1416 954 1471 βαθὺ
1001 1417 1077 1460 τοῦ
1123 1417 1241 1458 θείου
1284 1418 1411 1470 ναοῦ,
1459 1415 1515 1465 ὥς
1557 1417 1636 1468 μὲν
1679 1415 1719 1458 οἱ

281 1483 426 1524 πολλοὶ
449 1479 658 1537 ἐνόμισαν,
688 1482 757 1523 διὰ
787 1482 1085 1538 περιφρόνησιν
1115 1482 1184 1524 καί
1219 1481 1347 1530 αὕτός
1375 1486 1461 1523 κατ’
1491 1478 1776 1530 ἐκεῖνοννὸςξξο

283 1550 327 1590 ἐν
353 1551 405 1605 τῇ
430 1550 500 1602 τῆς
544 1547 838 1602 μητροπόλεως
867 1551 1070 1604 καθολικῇ
1109 1544 1398 1595 καθιππεύσας
1426 1545 1497 1589 τόν
1524 1562 1567 1589 τε
1595 1548 1720 1589 ἵππον

283 1614 466 1667 ἀπέβαλε
492 1616 835 1667 συγκατενεχθείς
862 1617 1131 1667 θραυσθέντα
1159 1615 1230 1654 καί
1256 1612 1381 1661 αὐτὸς
1409 1613 1482 1653 οὐκ
1506 1609 1555 1654 εὖ
1585 1608 1720 1666 οἷπήλ.

379 1730 410 1762 1.
438 1728 657 1775 ,ἐνεούρουνῐ>

286 1836 416 1869 siarum
455 1836 567 1868 vitrea
601 1836 762 1869 effrenati
797 1836 854 1869 isti
881 1841 1047 1881 tanquam
1079 1837 1229 1869 matulas
1257 1835 1447 1877 habebant,
1473 1841 1513 1870 ut
1537 1834 1718 1880 tragoedia

286 1882 428 1923 dixerit,
455 1882 577 1915 urinae
595 1883 825 1927 receptaculis
849 1887 966 1916 autem
992 1894 1056 1928 pro
1079 1883 1220 1929 scyphis
1247 1883 1456 1916 utebantur!
1504 1882 1592 1928 quid
1619 1881 1719 1928 quod

285 1930 394 1962 iidem
421 1930 511 1962 utris
532 1930 584 1962 sui
603 1929 805 1973 prominens
832 1930 959 1962 ostium
985 1930 1023 1962 in
1048 1935 1176 1974 puteos
1197 1930 1395 1970 solvebant,
1421 1929 1551 1962 deinde
1574 1929 1719 1962 haurie-

284 1976 373 2009 bant
387 1974 632 2021 bibebantque
649 1975 693 2008 de
711 1975 872 2016 mixtura,
897 1976 1007 2022 idque
1029 1976 1238 2017 identidem,
1263 1981 1299 2010 et
1315 1981 1488 2022 perpetuo
1513 1976 1551 2009 in
1569 1975 1719 2008 obscoe-

286 2035 370 2057 num
397 2023 503 2055 istum
530 2033 649 2065 gyrum
677 2023 760 2054 acti.

397 2068 468 2102 Sed
500 2067 570 2101 hoc
595 2068 738 2113 quidem
764 2069 924 2114 quamvis
959 2069 1146 2103 ridiculum
1180 2070 1230 2103 ita
1262 2069 1512 2113 interpositum
1544 2072 1643 2108 esto,
1671 2078 1718 2101 ne

288 2117 403 2160 ipsum
441 2114 584 2160 quidem
619 2121 759 2160 praeter
795 2127 910 2149 rerum
948 2115 1122 2149 ordinem.
1181 2126 1271 2161 quae
1306 2120 1424 2148 autem
1448 2125 1552 2159 supra
1577 2119 1721 2148 narrata

290 2168 382 2202 sunt,
407 2172 448 2195 ea
475 2173 557 2195 vero
582 2162 742 2194 lacrimas
766 2163 923 2196 infinitas
951 2164 1118 2196 excitant.
1177 2163 1282 2207 quale
1314 2167 1388 2194 erat
1413 2162 1532 2201 etiam,
1557 2159 1655 2206 quod
1681 2161 1720 2194 in

290 2215 461 2249 sanctum,
487 2208 549 2254 qui
577 2215 757 2251 unguenta
775 2209 935 2249 exsudat,
959 2215 1156 2254 patrarunt,
1185 2210 1282 2241 cuius
1299 2208 1498 2252 sepulcrum
1523 2207 1721 2240 insolenter

289 2256 477 2295 violarunt,
502 2254 695 2295 securibus,
721 2267 808 2300 quas
832 2256 902 2301 ipsi
923 2257 1145 2296 meruissent,
1178 2260 1378 2298 argenteam
1404 2254 1620 2299 crepidinem
1646 2252 1722 2287 dis-

290 2307 450 2336 secantes
487 2306 524 2334 et
556 2312 718 2334 coronam
764 2313 904 2336 auream
951 2304 1056 2347 capiti
1107 2303 1306 2347 impositam
1349 2301 1595 2334 detrahentes:
1628 2300 1722 2346 *quin

291 2349 396 2382 etiam
419 2348 545 2393 pedem
572 2348 720 2380 alterum
738 2347 974 2390 abstulerunt,
1001 2361 1071 2395 quo
1097 2350 1232 2382 scilicet
1255 2358 1392 2392 poenae
1417 2359 1460 2381 ex
1483 2359 1525 2380 eo
1549 2357 1722 2380 consecu-

290 2401 389 2428 turae
413 2395 632 2428 celeritatem
659 2394 890 2429 declinarent.
940 2402 1047 2441 atque
1070 2396 1120 2429 ita
1155 2396 1275 2428 forsan
1300 2395 1461 2427 universa
1493 2393 1721 2433 delevissent,

290 2442 358 2474 nisi
384 2452 514 2475 numen
544 2440 702 2476 divinum
717 2441 924 2483 obstitisset,
950 2448 986 2476 et
1004 2447 1149 2488 repente
1174 2442 1343 2486 primores
1369 2440 1597 2474 barbarorum
1621 2450 1721 2472 com-

290 2489 458 2522 movisset
501 2492 537 2520 et
561 2488 748 2522 excitasset
781 2488 826 2520 ad
863 2489 1054 2522 sistendam
1090 2489 1290 2533 perniciem.
1349 2498 1502 2532 namque
1539 2485 1723 2519 eunuchus

291 2535 401 2577 regis,
427 2535 551 2567 amiras
580 2533 778 2578 dignitate,
813 2545 893 2567 acer
928 2541 964 2569 et
987 2540 1169 2580 promptus
1193 2534 1238 2567 ad
1266 2534 1440 2578 agendum
1457 2558 1468 2574 ,
1495 2538 1532 2567 et
1559 2533 1620 2578 qui
1647 2538 1721 2566 ter-

292 2592 404 2614 rorem
430 2582 619 2621 incuteret,
657 2580 702 2613 ad
726 2592 974 2627 quemcunque
1015 2582 1125 2614 iratus
1158 2582 1371 2622 accessisset,
1411 2591 1516 2626 equo,
1541 2578 1638 2624 quod
1662 2578 1722 2612 vix

290 2627 429 2667 credas,
466 2628 502 2660 in
539 2627 702 2660 intimum
738 2628 910 2671 templum
948 2630 1119 2672 ingressus
1157 2633 1230 2668 est,
1266 2628 1343 2672 ipse
1381 2637 1527 2672 quoque
1559 2629 1719 2659 contem—

291 2679 377 2718 ptu,
402 2680 440 2707 ut
474 2674 635 2720 plerique
676 2673 966 2716 arbitrabantur,
996 2685 1166 2708 sacrarum
1194 2686 1307 2709 rerum
1332 2673 1511 2720 abreptus,
1536 2671 1633 2706 illius
1658 2681 1721 2704 ex·
