1838 3132
330 113 402 152 DE
440 110 843 154 THESSALONICA
871 112 906 154 A
945 113 1155 157 LATlNiS
1184 112 1374 156 CAPTA.
1472 109 1566 156 367

119 211 210 260 οὐδ’
252 207 302 253 ἂν
327 210 473 264 παίζοι
509 210 704 267 χορεύων
743 214 787 254 ἑν
825 215 1043 267 πένθεσιν,
1088 214 1226 257 ὁποῖον
1270 215 1321 270 δή
1351 230 1390 256 τι
1419 213 1493 255 καί
1517 213 1565 255 τὸ

119 278 232 320 πάνυ
262 278 479 321 καλλύνειν
507 277 604 328 τοὺς
637 276 786 333 λόγους
811 282 1083 331 κομμωτικῶς
1111 283 1156 324 ἐν
1184 285 1451 336 σκυθρωποῖς
1478 276 1566 321 ποῖ-

116 347 229 388 θεσι.
287 348 361 388 καί
387 346 440 388 τὰ
472 342 579 388 ἄλλα
612 346 658 388 δὲ
701 344 967 400 συγγραφικὰ
999 346 1089 402 εἴδη
1116 345 1342 409 ρωφρὸνως
1369 362 1569 401 μεταχει-

117 416 272 467 ριεῖται
298 410 401 454 κατὰ
430 414 613 466 μέθοδον
651 410 791 464 ἰδίαν,
831 407 926 453 οὔτε
973 412 1190 467 παράδοξα
1230 415 1407 463 ἐκτεθείς
1439 413 1568 455 α’κού-

83 481 258 530 5σματα
287 476 392 521 κατὰ
427 476 500 520 τὸν
540 477 690 533 dna-25
733 477 963 531 ἱστορικόν,
992 475 1076 521 οὔτ’
1106 477 1212 522 ἄλλα
1244 477 1324 522 ὅσα
1357 478 1462 535 πρὸς
1490 480 1567 521 οὔκ

115 539 290 598 ἄκαιρον
329 546 573 600 φιλοτιμίαν
607 545 684 585 καί
723 545 992 597 πολυμαθίας
1021 543 1195 597 ἔνδειξιν
1221 545 1260 589 οἱ
1296 545 1377 599 ἔξω
1403 543 1565 596 πάθους

114 610 397 665 τεχνάζονται.

225 678 281 719 Εἰ
305 678 445 720 τοίνυν
485 678 555 718 καὶ
602 676 678 729 ἐμὲ
722 676 880 719 τοιόνδε
923 676 1017 719 τινὰ
1060 673 1308 734 ἦπαροῦσα
1338 678 1558 736 συγγραφὴ
1573 689 1644 723 268

116 744 328 799 διαδείξει,
358 744 508 785 αότίκα
537 748 745 799 φανεῖται.
802 738 970 798 ἄρξεται
996 745 1043 786 δὲ
1081 744 1105 786 ὅ
1133 745 1464 800 ὖποτεταγμένος
1489 746 1571 787 λό-.

60 815 183 864 1ογος
211 810 445 864 α’ναγκαίως
483 811 527 861 ἐξ
570 805 706 852 αὐτοῦ
736 808 914 866 πάθους,
945 808 1008 854 ὅτι
1047 813 1155 868 μηδὲ
1182 807 1234 869 ἧν
1262 812 1334 855 τὸν
1362 815 1408 855 ἐν
1435 814 1563 855 ἐλεει-

114 882 199 925 νοῖς
226 873 326 918 ὄντα
373 875 429 932 μῆ
458 877 818 931 τραγικεύσασθαι
854 875 901 919 τό
929 892 977 933 γε
997 880 1177 934 πρῶτον.
1235 874 1327 920 εἶτα
1358 876 1583 920 καθιστιί-’

111 958 235 997 μενος
265 943 339 985 τοῦ
366 942 518 999 οἴκτου,
547 946 620 985 καί
646 959 684 984 τι
714 943 820 999 πρὸς
846 944 976 999 βάρος
1003 944 1360 999 ὖπομεμψιὲμενος
1393 945 1466 986 τὸν
1495 944 1561 987 αἶ’-

111 1026 201 1052 τιον
227 1010 300 1052 καί
327 1011 540 1052 συναίτιον
559 1013 635 1051 τοῦ
660 1011 803 1066 κακοῦ,
832 1010 1048 1066 γενήσεται
1075 1013 1152 1054 τοῦ
1168 1011 1241 1054 καί
1259 1011 1460 1066 εὕκρινιός
1488 1013 1562 1054 καί

111 1078 280 1132 σαφῶς,
316 1077 391 1119 ἐπί
413 1092 455 1117 τι
496 1078 542 1119 δὲ
570 1075 644 1118 καί
674 1076 902 1131 μεγαλείως
945 1078 1233 1134 α’φηγεῖσθαι·
1289 1079 1362 1119 καί
1391 1080 1451 1133 πῆ
1479 1081 1559 1131 μὲν

57 1151 99 1184 15
113 1141 293 1199 οἶφελαῖς,
322 1141 379 1191 ὥς
408 1143 558 1198 ἐχρῆν,
587 1145 646 1198 πῆ
686 1145 733 1184 δὲ
760 1145 833 1185 καί
861 1142 1189 1201 γλαφυρώτερον
1211 1145 1283 1186 καί
1307 1143 1388 1186 α’πὸ
1423 1160 1557 1201 κεφα..

110 1209 186 1263 λῆς
214 1209 436 1264 ἠργμένος,
474 1203 523 1264 ἧς
568 1209 692 1251 ου’ὃὲν
740 1210 914 1265 καιρίως
953 1209 1245 1266 πρεσβύτερον,
1274 1210 1557 1267 καταβήσεται

109 1276 170 1324 εἰς
196 1274 247 1333 τὰ
276 1274 457 1330 ἐχόμενα
492 1278 588 1318 καθ’
627 1274 773 1332 εἱρμὸν
808 1275 881 1317 καί
917 1275 1033 1326 τάξιν
1063 1273 1114 1317 οὔ
1143 1276 1273 1335 πάντῃ
1303 1279 1556 1334 α’περιλάλη·

109 1357 179 1383 τον
199 1373 211 1394 ,
239 1343 311 1384 καί
357 1338 515 1395 ἅψεται
555 1341 682 1384 πάλιν
723 1344 806 1384 τῶν
834 1344 907 1397 τῆς
932 1340 1128 1392 ἁλώσεως
1165 1341 1421 1399 πλατύτερον
1449 1345 1554 1387 κατὰ

109 1409 248 1450 πᾶσαν
278 1405 471 1466 ἀνάγκην,
501 1409 594 1451 ἑπεί
617 1410 689 1449 καί
714 1406 820 1464 αὕτη
846 1409 1031 1462 μάλιστα
1061 1409 1140 1466 πρὸ
1172 1409 1295 1465 ἔργου
1322 1409 1556 1466 ὑποβέβλη-

51 1482 97 1517 20
110 1491 175 1516 ται
206 1476 254 1531 τῇ
281 1477 514 1532 συγγραφῇ.
573 1471 635 1516 ὅτι
667 1476 713 1516 δὲ
742 1477 814 1516 καί
839 1482 988 1531 σημεῖα
1022 1477 1067 1517 ἑν
1097 1483 1184 1525 τοῖς
1220 1477 1426 1527 τοιούτοις
1454 1493 1573 1532 προ-ι

109 1541 251 1596 φαίνει
283 1540 329 1582 τὸ
357 1545 486 1595 θεῖον,
516 1538 544 1583 ἃ
574 1540 626 1596 δὴ
659 1543 879 1584 κοῖνταῦθα
905 1543 1104 1598 ἐμφανῶς
1133 1545 1394 1600 προέλαμψε,
1423 1559 1555 1599 προσ-

109 1607 322 1663 εφάψεται
364 1609 438 1650 καί
476 1606 672 1651 τοιούτων
697 1610 832 1665 ,τινῶν
877 1607 1045 1663 ὄιλόγος
1085 1610 1144 1660 εἰς
1171 1609 1419 1666 σύμμετρον.
1480 1610 1556 1653 οὐκ

111 1792 249 1835 ingenti
289 1797 452 1837 separata
479 1793 668 1827 intervallo
698 1793 833 1834 videns,
870 1799 994 1828 caveat
1018 1795 1194 1840 profecte,
1217 1794 1407 1828 immodice
1433 1795 1557 1829 indul·

112 1851 193 1884 gere
225 1839 437 1883 tragoediae.
500 1851 566 1873 nec
596 1852 679 1874 vero
716 1841 841 1874 luserit
882 1841 976 1874 idem
1012 1843 1051 1874 in
1080 1843 1176 1875 luctu
1220 1842 1387 1875 choream
1412 1841 1557 1884 ducens,

111 1887 228 1932 qualis
269 1892 322 1920 est
360 1888 521 1932 quaesita
558 1887 621 1920 illa
647 1888 684 1921 in
716 1888 857 1932 lugubri
898 1889 1102 1922 calamitate
1140 1890 1311 1923 orationis
1358 1891 1556 1930 exornatio.

110 1933 206 1967 idem
234 1933 382 1979 reliqua,
408 1945 500 1980 quae
526 1934 570 1966 ad
595 1934 779 1968 historiam
806 1936 1001 1980 pertinent,
1028 1936 1225 1981 prudenter
1248 1937 1387 1970 ratione
1412 1939 1557 1982 propria

111 1982 288 2021 instituet,
314 1993 430 2026 neque
448 1981 707 2026 improbabiles
724 1988 879 2015 rumores
896 1982 1083 2026 adhibens,
1112 1985 1202 2017 sicut
1218 1995 1333 2017 rerum
1363 1985 1556 2030 priscarum

110 2030 298 2073 scriptores
331 2031 468 2069 solent,
504 2040 623 2074 neque
659 2030 748 2070 alia,
773 2041 865 2075 quae
902 2030 1081 2072 historici,
1107 2043 1126 2064 a
1152 2032 1437 2073 calamitatibus,
1468 2043 1556 2077 quas

110 2081 266 2116 narrant,
294 2077 430 2117 remoti,
463 2077 579 2108 facere
605 2077 749 2118 solent,
775 2076 972 2111 ambitione
1000 2077 1056 2111 illi
1082 2078 1227 2125 quidem
1257 2084 1294 2112 et
1321 2078 1555 2112 ostentandae

111 2123 294 2156 doctrinae
323 2122 440 2156 studio
462 2123 557 2156 haud
580 2124 717 2169 inepto.

203 2172 276 2203 lam
299 2181 394 2209 vero,
419 2183 502 2204 num
527 2182 584 2204 me
608 2172 717 2204 talem
744 2170 872 2204 haecce
899 2170 1049 2205 historia
1075 2171 1282 2218 scriptorem
1307 2172 1474 2206 habitura
1497 2174 1557 2214 sit,

111 2218 230 2250 statim
257 2217 454 2262 apparebit.
513 2217 671 2252 ordietur
694 2223 811 2251 autem
849 2219 1003 2252 narratio
1037 2224 1160 2253 nostra
1183 2222 1382 2253 necessario
1410 2220 1453 2252 ab
1478 2221 1555 2266 ipsa

110 2265 332 2305 calamitate,
365 2265 532 2310 quoniam
571 2265 646 2298 fieri
672 2267 818 2299 omnino
847 2278 919 2298 non
944 2271 1104 2311 poterat,
1130 2272 1170 2300 ut
1193 2267 1255 2313 qui
1282 2269 1318 2300 in
1344 2268 1445 2300 malis
1473 2279 1555 2300 ver-

110 2317 260 2351 saretur,
279 2323 353 2344 non
371 2312 627 2346 lamentaretur
645 2318 741 2346 certe
766 2313 912 2358 quidem
936 2313 979 2346 ab
994 2313 1110 2347 initio.
1135 2313 1267 2347 deinde
1287 2321 1418 2356 autem,
1439 2315 1554 2348 missis

109 2358 275 2392 lamentIs
303 2364 340 2391 et
365 2360 533 2392 nonnihil
548 2372 612 2405 pro
629 2361 755 2394 merito
773 2359 996 2405 reprehensis
1021 2361 1231 2395 calamitatis
1256 2368 1400 2395 auctore
1425 2367 1461 2395 et
1478 2362 1554 2396 eius

110 2407 208 2439 socio
224 2430 234 2446 ,
258 2405 350 2438 clare
371 2412 407 2439 et
423 2407 611 2452 perspicue
637 2413 673 2441 et
698 2407 849 2454 quadam
870 2419 911 2440 ex
927 2413 1025 2452 parte
1042 2407 1132 2441 adeo
1160 2409 1252 2442 elate
1278 2421 1348 2442 rem
1375 2409 1555 2442 enarrabit

110 2454 241 2498 ipsam,
260 2458 296 2486 et
315 2453 458 2498 quidem
474 2466 568 2488 nunc
587 2455 809 2500 simpliciter,
826 2461 932 2500 prout
950 2466 1002 2488 res
1021 2456 1240 2500 postulabat,
1257 2467 1353 2489 nunc
1369 2456 1480 2501 polite
1499 2462 1553 2490 at-

111 2512 182 2545 que
203 2505 346 2541 ornate;
367 2506 403 2534 et
417 2501 552 2534 deflexa
570 2513 827 2548 nonnunquam
848 2514 867 2534 a
892 2503 941 2535 rei
957 2507 1084 2547 capite,
1111 2515 1182 2549 quo
1200 2504 1292 2537 nihil
1308 2515 1373 2536 suo
1393 2508 1553 2548 tempore

110 2548 307 2593 antiquius,
324 2546 516 2582 descendet
531 2548 575 2581 ad
593 2560 646 2582 res
663 2561 756 2582 nexu
774 2555 810 2583 et
828 2550 965 2583 ratione
983 2562 1056 2584 non
1074 2551 1220 2584 omnino
1238 2550 1554 2595 praetermittenda

109 2606 189 2627 cum
215 2595 279 2628 illa
304 2595 521 2636 coniunctas,
548 2607 588 2629 ac
607 2602 804 2630 revertetur
833 2608 950 2630 rursus
978 2597 1022 2629 ad
1050 2598 1348 2643 expugnationem
1375 2598 1553 2643 copiosius

111 2643 208 2675 omui
235 2653 278 2675 ex
306 2647 407 2686 parte
433 2643 676 2684 enarrandam,
701 2644 877 2689 siquidem
904 2643 942 2676 id
967 2646 1084 2689 operis
1111 2645 1302 2690 praecipue
1332 2646 1552 2690 propositum

111 2694 166 2723 est
190 2689 274 2723 huic
291 2690 490 2735 scriptioni.
541 2691 711 2737 quoniam
734 2698 851 2725 autem
870 2697 1039 2737 portenta
1064 2692 1167 2727 rebus
1191 2691 1394 2726 huiusmodi
1420 2704 1552 2727 numen
