1838 3132
310 147 382 187 1)ss
405 118 805 193 Tau-:ssitomcs
831 149 867 192 A
893 151 1106 193 LA'rlle
1130 149 1320 194 CAPTA.
1435 145 1532 194 395

98 249 321 293 ἀνέπεισαν
356 243 434 303 ἤδη
471 250 546 291 καὶ
583 247 686 304 πρὸς
711 247 851 305 μάχην
883 249 1185 305 ἐξαρτύεσθαι,
1216 252 1258 294 εἶ
1285 249 1342 305 ,ιιῆ
1371 251 1480 304 ταχὺ
1509 249 1532 293 ὁ

100 311 361 365 Ἀνδρόνικος
398 313 708 367 ἑπεραιώσατο·
772 316 815 356 οἵ
837 331 882 370 γε
921 317 993 358 καί
1024 318 1102 358 τοῦ
1136 315 1194 366 ὥς
1231 316 1385 371 ἐρρέθη
1414 314 1533 370 ἱεροῦ

101 379 282 432 πολέμου
309 378 641 435 συνεφάψασθαι
659 379 749 422 τότε
777 380 1130 438 προσελήφθησαν
1155 384 1245 436 μέν,
1276 378 1458 437 ἤργησαν
1485 383 1533 426 δὲ

102 442 174 486 διὰ
201 443 244 486 τὸ
288 444 397 498 ταχὺ
424 446 576 487 ἐκεῖνον
620 448 815 501 λυθῆναι.
857 448 1056 489 ἑπεκλᾶτο
1081 450 1160 501 μὲν
1187 443 1261 491 οὖν
1287 452 1371 496 τοῖς
1398 451 1532 491 Λατί-

68 521 188 560 5νοις
235 509 340 567 αὕτη
383 513 566 560 αι’τίασις
609 511 657 553 οὐ
704 510 887 566 ψευδής,
939 515 1029 555 οὐδ’
1073 510 1188 568 εἶχον
1237 516 1387 569 εἰπεῖν,
1435 511 1534 559 οὔτε

99 570 184 632 μὴν
230 576 365 631 ἔχοιεν
413 573 499 629 ἄν,
532 574 588 626 ὥς
640 574 745 632 ἦσαν
797 575 1005 632 ἄμεμπτοι
1023 596 1035 609 ·
1114 580 1286 635 ἔμελλον
1339 585 1385 626 δὲ
1424 580 1534 636 οἴμοι

101 645 213 700 κακῷ
239 642 403 700 μεγάλῳ
446 644 552 697 μέγα
581 645 705 686 κακὸν
739 646 1044 700 ε’κθεραπεῦσαι
1081 646 1119 690 οἱ
1148 646 1444 705 Παφλαγόνες,
1473 644 1536 699 οἷς

103 709 325 762 α’λογίστως
355 708 655 763 ἐθρασύναντο.
688 712 938 759 εἰσελθόντες
966 711 1045 767 γὰρ
1075 713 1146 768 τῆν
1176 714 1449 768 μεγαλόπολιν
1464 713 1540 757 καὶ

102 775 395 828 πλαγιάσαντες
412 777 494 818 ,ἐπί
518 775 614 825 τούς
625 779 835 826 Λατίνους
866 779 994 832 (εἰκὸς
1015 781 1062 822 δὲ
1091 777 1255 828 πάντως
1282 781 1355 822 καί
1381 777 1536 829 ἄλλους

50 852 92 889 10
105 842 186 884 ταῖν
223 842 395 883 τοιαῦτα
437 841 755 897 νεωτερίζεσθαι
791 843 1021 899 φιλούντων
1058 844 1336 900 συναίρεσθαι
1374 842 1534 901 αὐτοῖς)

100 903 350 961 ἐπέρχονται
390 913 475 956 τοῖς
513 910 713 957 Λατίνοις
750 908 824 950 οὐκ
849 907 900 950 ἂν
919 912 1157 967 ἐλπίζουσι,
1182 913 1255 954 καί
1281 913 1535 955 διατίθενται

102 971 152 1014 τὰ
191 970 469 1025 ἐλεεινότατα,
500 972 571 1014 καί
609 975 830 1028 σπέρματα
860 978 994 1018 ἐκεῖνα
1022 980 1436 1032 προκαταβάλλονται
1459 978 1537 1034 ἀφ’

104 1032 163 1081 ὧν
189 1035 321 1093 ἡμεῖς
347 1038 421 1080 καί
458 1041 603 1081 πολλοί
627 1040 756 1095 ἓτεροι
793 1040 871 1082 σύν
909 1041 1008 1096 ἡμῖν,
1036 1045 1305 1096 τεθερίκαμεν
1336 1045 1538 1096 λειμῶνος

106 1102 392 1160 Περσεφόνης,
420 1102 528 1146 οὕτω
559 1104 704 1160 φάναι,
733 1106 973 1161 δράγματα·
1041 1110 1201 1151 ἐκεῖθεν
1227 1108 1306 1164 γὰρ
1333 1108 1432 1164 ἡμῖν
1458 1125 1538 1158 κα-

50 1179 92 1214 15
104 1169 223 1226 θὴκει
251 1168 300 1212 τὰ
330 1172 513 1224 παρόντα
539 1173 658 1213 κακά.

217 1239 310 1280 Καὶ
337 1238 591 1292 α’φηγεΐσθαι
621 1240 697 1291 μὲν
723 1238 775 1280 τά
806 1239 898 1281 τότε
923 1240 1051 1295 δεινά,
1084 1237 1162 1283 ὅσα
1195 1237 1306 1284 εἶδον
1334 1240 1372 1284 οἷ
1399 1245 1538 1286 Λατῖ-

102 1317 182 1352 νοι,
212 1303 258 1345 τὸ
288 1305 371 1357 πῦρ
403 1301 427 1344 ὃ
453 1303 504 1345 τὰ
535 1310 623 1345 κατ’
652 1303 807 1353 αὐτοὺς
834 1308 1074 1359 ἐπενείματο
1096 1309 1194 1361 δίχα
1211 1323 1256 1362 γε
1282 1310 1367 1350 τῶν
1394 1310 1539 1364 α’φαρ-

104 1370 337 1422 παγὲντων,
381 1368 479 1418 τούς
523 1370 628 1411 κατὰ
673 1371 887 1413 θάλατταν
925 1372 1193 1428 ἐμπρησμοὺς
1231 1376 1276 1416 ἐκ
1317 1376 1392 1417 τοῦ
1419 1376 1536 1431 παρὰ

97 1431 318 1486 Ῥωμαίοις
345 1434 620 1490 οὗμβρημένου
650 1437 782 1493 πυρός
810 1444 894 1487 τοῖς
921 1440 990 1480 ἐπί
1022 1439 1174 1482 πλοίων
1205 1442 1375 1497 φεύγειν
1403 1440 1537 1496 ὁρμή-

47 1508 225 1555 ἳῡσασι,
262 1500 315 1542 τά
344 1503 435 1542 κατ’
472 1500 709 1556 αἰγιαλούς,
753 1504 805 1545 τά
839 1507 935 1558 περί
963 1504 1034 1554 τὰς
1062 1505 1307 1561 α’μφόδους,
1336 1504 1456 1561 ἔργον
1485 1502 1538 1549 ἂν

103 1565 166 1621 εἴη
195 1565 324 1619 πολύ,
368 1566 440 1609 καί
468 1565 523 1617 ὦς
551 1570 601 1610 ου’
624 1569 751 1622 μόνον
787 1573 868 1612 τῶν
907 1573 1167 1614 α’νθοπλιτῶν
1194 1574 1391 1616 Λατίνων
1416 1589 1536 1616 κατε-

104 1632 279 1687 φέροντο
307 1630 345 1674 οἱ
377 1633 450 1677 τοῦ
476 1634 754 1691 Ἀνδρονίκου,
774 1637 878 1677 α’λλά
899 1638 972 1678 καί
998 1634 1110 1688 ὅσοις
1127 1645 1399 1693 περιεποιεῖτο
1424 1637 1540 1682 ἔλεον

101 1695 146 1739 τό
177 1695 419 1751 ἀπάλαμνον
436 1717 446 1728 ·
514 1702 587 1742 καί
610 1707 801 1754 γυναῖκες
828 1701 908 1756 γάρ
933 1705 1070 1746 αιῖτῶν
1104 1705 1370 1759 ἑρριπτοῦντο
1398 1707 1539 1762 ξίφεσι

103 1762 174 1806 καί
197 1766 346 1821 βρέφη.
402 1765 474 1808 καὶ
512 1769 635 1810 τοῦτο
666 1769 742 1822 μὲν
771 1770 925 1824 δεινὸν,
955 1765 1035 1823 οὖχ
1074 1767 1182 1812 οὕτω
1210 1771 1257 1812 δὲ
1287 1768 1341 1820 ὥς
1371 1767 1439 1813 ὅτε
1466 1773 1540 1814 καί

104 1904 172 1937 iam
205 1915 241 1938 se
279 1905 510 1948 accingerent,
537 1906 606 1940 nisi
632 1907 815 1942 confestim
842 1907 1063 1942 Andronicus
1098 1909 1307 1943 traiecisset.
1350 1908 1471 1950 iidem,
1497 1915 1536 1944 ut

104 1949 202 1984 bello
217 1962 327 1993 sacro,
343 1951 385 1986 de
402 1964 471 1997 quo
489 1952 651 1995 diximus,
676 1955 898 1995 interessent,
915 1955 1054 1989 invitati
1082 1956 1233 1998 fuerant,
1259 1955 1322 1990 sed
1349 1956 1535 2001 prohibiti,

105 1997 272 2043 quoniam
298 2000 447 2032 celerem
469 2000 508 2039 id
531 1999 664 2034 bellum
693 2002 797 2035 finem
825 2001 961 2036 habuit.
1011 2002 1290 2048 exprobrabatur
1318 2003 1427 2048 igitur
1443 2003 1535 2037 illud

91 2056 176 2079 =non
204 2045 331 2079 falsum
354 2047 483 2080 crimen
498 2048 643 2089 Latinis,
668 2060 734 2082 nec
750 2054 918 2095 poterant
943 2049 992 2091 hi,
1011 2062 1077 2084 nec
1099 2061 1185 2084 vero
1210 2049 1330 2092 hodie,
1356 2049 1535 2092 affirmare,

105 2092 264 2126 insontes
291 2104 328 2126 se
357 2105 443 2127 esse.
493 2094 578 2135 sed,
606 2096 719 2136 eheu,
756 2097 908 2130 curaturi
940 2102 1041 2131 erant
1074 2098 1168 2131 malo
1209 2109 1335 2142 magno
1369 2109 1534 2141 magnum

106 2139 234 2172 malum
250 2140 500 2185 paphlagones,
515 2142 689 2187 siquidem
705 2149 834 2176 temere
852 2144 1006 2177 animum
1032 2146 1277 2190 expleverunt.
1294 2156 1449 2190 namque
1474 2157 1535 2178 ur·-

106 2185 187 2220 bem
215 2187 361 2232 ingressi
387 2194 422 2222 et
446 2188 489 2223 ad
506 2190 651 2223 Latinos
676 2191 832 2223 conversi
858 2190 1148 2236 (consentaneum
1169 2198 1287 2226 autem
1305 2192 1448 2226 omnino
1470 2198 1535 2232 est,

106 2234 212 2266 etiam
241 2235 329 2267 alios
364 2246 477 2268 rerum
515 2248 682 2270 novarum
720 2237 867 2282 cupidos
904 2238 1107 2272 adiunxisse
1131 2251 1168 2273 se
1193 2240 1300 2286 illis),
1325 2239 1537 2273 adoriuntur

107 2291 182 2314 eam
210 2286 349 2324 gentem
374 2282 517 2316 minime
538 2286 603 2318 ista
629 2290 904 2328 exspectantem,
930 2292 966 2319 et
982 2287 1131 2331 pessime
1151 2292 1311 2328 tractant,
1340 2292 1376 2320 et
1400 2286 1535 2319 semina

106 2327 170 2360 illa
197 2333 331 2368 serunt,
358 2329 451 2362 unde
479 2342 542 2363 nos
569 2337 606 2365 et
632 2332 733 2365 multi
758 2331 941 2366 nobiscum
981 2334 1041 2366 alii
1065 2335 1243 2378 mergites,
1273 2340 1314 2367 ut
1337 2334 1386 2367 ita
1410 2333 1536 2374 dicam,

108 2375 199 2419 prati
225 2375 450 2421 Proserpinae
473 2380 691 2412 messuimus.
741 2379 825 2413 inde
852 2381 946 2413 enim
972 2382 1173 2426 praesentia
1201 2381 1245 2414 ad
1268 2393 1333 2415 nos
1362 2381 1455 2414 mala
1479 2391 1537 2413 re-

107 2420 323 2455 dundarunt.

198 2467 367 2502 Enarrare
401 2475 518 2503 autem
554 2477 697 2506 cunctas
724 2474 897 2513 miserias,
923 2484 1010 2518 quas
1035 2475 1151 2509 Latini
1179 2480 1251 2508 tum
1279 2475 1415 2519 experti
1441 2479 1536 2516 sunt,

107 2514 238 2559 ignem,
266 2527 336 2561 quo
360 2516 454 2550 bona
479 2529 600 2552 eorum
637 2519 848 2553 delebantur
872 2526 1010 2566 praeter
1041 2534 1102 2564 ea,
1128 2533 1220 2567 quae
1247 2521 1399 2566 praedae
1424 2526 1536 2562 erant,

107 2562 271 2595 incendia
310 2564 502 2606 maritima,
533 2566 661 2610 quibus
698 2568 843 2600 Romani
882 2569 1043 2602 coniecto
1071 2569 1152 2612 igne
1187 2569 1450 2602 insectabantur
1478 2569 1537 2602 fu-

107 2610 244 2652 gientes
269 2611 307 2642 in
333 2612 498 2655 navigiis,
534 2613 670 2659 reliqua
695 2615 810 2656 mala,
856 2626 946 2660 quae
971 2616 1026 2648 vel
1067 2617 1105 2649 in
1131 2617 1235 2649 litore
1261 2616 1318 2648 vel
1342 2616 1379 2648 in
1406 2616 1536 2660 plateis

107 2655 263 2697 fiebant,
290 2657 432 2702 longum
458 2663 523 2692 est.
567 2672 631 2694 nec
668 2668 818 2694 armatos
844 2662 955 2695 solum
985 2663 1129 2696 Latinos
1166 2663 1319 2696 asseclae
1345 2661 1536 2696 Andronici

106 2702 334 2746 invadebant,
359 2704 419 2740 sed
445 2706 550 2740 etiam
580 2719 651 2750 eos,
678 2720 825 2755 quorum
853 2709 975 2755 inopia
991 2709 1150 2744 videatur
1175 2709 1449 2744 misericordiam
1475 2719 1536 2744 ex-
