1838 3132
242 137 333 182 188
643 123 866 196 [Leonis
906 123 1288 196 emmunim]

236 248 319 307 γὰρ
350 253 423 293 καί
460 248 639 304 τήμερον
675 250 781 292 κατὰ
823 248 897 292 τὸν
923 251 1129 303 Ἀχελῶον
1159 249 1269 291 κῶλα
1306 250 1387 291 τῶν
1416 250 1683 307 ἀνῃρημένων

237 317 387 372 σαφῶς
422 314 738 358 ὕποδεικνύουσι
766 314 843 370 τὴν
871 310 1013 369 ἧτταν.
1533 329 1548 336 ‘

361 377 491 429 Οὗτος
529 381 552 421 ὅ
587 379 792 436 θεομισής
826 382 989 422 πολλῶν
1026 379 1156 435 ἆγίων
1195 382 1374 433 λείψανα
1416 383 1680 434 κατέκαυσεν,

234 442 344 488 ἄλλα
373 450 445 488 καί
472 449 523 503 τῇ
562 445 754 503 θαλάσσῃ
784 447 1013 502 παρέδωκε.
1086 445 1152 488 διὸ
1183 444 1255 487 καί
1281 448 1356 499 τῆς
1384 443 1506 500 ἆγίας
1533 447 1681 503 Εὐφη-

232 514 334 563 μίας
366 510 412 552 τὸ
443 515 640 564 λείψανον
668 510 728 565 μὴ
758 514 899 567 φέρων
929 511 1033 565 ὁρᾶν
1057 512 1192 567 μύρον
1224 509 1482 565 α’ναβλιὶζον,
1516 510 1596 553 στὶν
1629 512 1715 568 τῇ5

233 577 410 630 λάρνακι
437 578 493 632 τῷ
525 578 646 633 βυθῷ
682 577 978 630 παρέπεμψεν·
1024 573 1129 631 ὅπερ
1170 579 1215 618 ἐν
1243 580 1295 632 τῇ
1323 574 1433 632 νήσῳ
1456 578 1507 633 τῇ
1521 573 1683 633 Λήμνῳ

234 643 346 683 σῶον
394 643 605 684 &taam-92:11
642 641 756 696 παρὰ
786 642 869 683 τῶν
908 642 1136 702 οἰκητόρων
1164 643 1319 697 ἐδέχθη
1351 643 1396 683 ἐκ
1424 641 1548 691 θείας
1575 642 1683 683 α’πο-

234 705 456 760 καλύψεως
475 724 486 734 ·
542 708 614 750 τὸν
637 710 684 750 δὲ
703 707 801 750 ναὸν
827 710 902 762 τῆς
921 707 1041 762 ἁγίας
1067 710 1141 749 καί
1158 707 1435 763 πανευφήμου
1465 707 1683 760 ἇρμάμεν-

234 780 307 814 τοῦ
330 774 403 813 καί
429 774 698 827 κοπροθέσιον
726 774 929 828 ἐποίησεν.
963 776 1033 816 ἐπὶ
1060 777 1379 816 Κωνσταντίνου
1407 772 1481 815 καί
1504 773 1684 828 Εἰρήνης

233 836 280 880 τὸ
309 836 414 879 αὐτὸ
458 840 656 889 λείψανον
687 841 761 893 τῆς
788 839 1065 895 πανευφὴμου
1103 839 1228 881 πάλιν
1255 837 1355 892 μετὰ
1381 841 1505 895 τιμῆς
1531 839 1681 894 πολλῆς
1696 847 1740 882 10

233 904 491 959 ἀνεκομίσθη
521 905 564 946 ἐν
590 906 642 962 τῇ
673 902 807 946 πόλει.

346 963 475 1019 Οἷιτος
499 972 580 1012 τῶν
605 969 709 1012 υἱῶν
748 970 885 1012 αὕτοῦ
921 969 1021 1019 τούς
1062 971 1139 1023 μὲν
1185 971 1261 1012 δύο
1290 967 1537 1025 προεβάλετο
1570 973 1682 1013 Καί-

232 1050 391 1090 σαρας,
424 1033 675 1091 Νικηφόρονζ
705 1037 777 1078 καί
807 1034 1129 1092 Χριστοφόρον,
1169 1036 1242 1078 τόν
1285 1038 1332 1078 δὲ
1359 1036 1547 1091 Νικήταν
1587 1052 1682 1079 νου-

233 1102 459 1153 βελίσιμον.
531 1099 802 1156 εἰσελθούσης
842 1104 889 1143 δὲ
924 1105 996 1156 τῆς
1036 1100 1217 1157 Εἰρήνης
1262 1104 1307 1154 ἐξ
1336 1101 1528 1157 Ἀθηνῶν
1559 1103 1606 1144 ἐν
1631 1103 1684 1159 τῇ

231 1164 514 1223 βασιλευούσῃ
541 1164 661 1208 πόλει
687 1166 793 1219 μετὰ
825 1166 1061 1222 δρομώνων,
1090 1165 1252 1218 «ἔζευξεν
1280 1167 1412 1222 αὐτὴν
1437 1170 1595 1211 Λέοντι
1623 1170 1680 1226 τῷ
1694 1178 1737 1212 15

232 1229 314 1287 υἱῷ
340 1227 472 1272 αὑτοῦ
487 1263 499 1284 ,
543 1232 702 1285 στέψας
735 1231 893 1281 αὐτούς
936 1233 980 1275 ἐν
1007 1234 1065 1288 τῷ
1094 1235 1182 1289 ναῷ
1208 1234 1285 1274 τοῦ
1313 1232 1430 1287 ἁγίου
1459 1231 1679 1288 Στεφάνου

231 1297 290 1352 τῷ
319 1297 394 1350 τῆς
421 1299 637 1349 βασιλείας
665 1297 738 1338 καί
765 1299 822 1354 τῷ
850 1299 927 1339 τοῦ
956 1297 1110 1352 γάμου.
1168 1297 1266 1351 ἔσχε
1297 1300 1342 1340 δὲ
1375 1299 1678 1352 δεξιωσάμενος

234 1359 387 1415 φίλους
424 1353 629 1415 κρυπτοὺς
670 1364 713 1404 ἐν
742 1365 998 1419 Βουλγαρίᾳ,
1027 1363 1071 1405 οἳ
1091 1362 1346 1419 κατεμήνυον
1374 1364 1494 1421 αὐτῷ
1519 1359 1682 1406 ἅπαντα

232 1425 284 1469 τὰ
326 1428 384 1484 τῷ
433 1424 607 1481 ἄρχοντι
647 1429 766 1485 αὐτῷ
790 1428 1096 1482 βουλευόμενα·
1168 1429 1210 1471 οἳ
1235 1431 1404 1485 δηλοῦσι
1433 1432 1490 1488 τῷ
1516 1433 1689 1484 βασιλεῖ

233 1489 301 1533 ὅτι
329 1493 569 1534 ἀποστέλλει
601 1493 623 1533 ὅ
654 1497 774 1548 κῦρις
801 1492 1047 1549 Βούλγαρος
1076 1493 1179 1537 λαὸν
1211 1495 1315 1549 πρὸς
1344 1495 1389 1537 τὸ
1421 1496 1738 1550 αἰχμαλωτί-Ξθ

232 1573 307 1600 σαι
354 1558 431 1612 τὴν
466 1561 712 1614 Βερζητίαν.
788 1558 810 1600 ὅ
853 1561 899 1601 δὲ
937 1559 1138 1613 βασιλευς
1173 1561 1533 1616 σχηματισάμενος
1575 1559 1679 1603 κατὰ

229 1622 424 1677 Ἀράβων
450 1630 587 1676 κινεῖν,
615 1626 861 1673 α’ποστείλας
890 1624 988 1675 τούς
1023 1626 1371 1680 ἀποκρισιαρίους
1401 1625 1496 1676 τούς
1522 1625 1593 1668 dmi
1624 1628 1682 1669 εἷ-

234 1690 365 1743 ρῆνην
390 1693 754 1746 παραγενομένους
781 1689 852 1732 ἐπὶ
867 1691 1144 1746 Βουλγαρίαν,
1173 1693 1244 1733 καί
1263 1692 1549 1747 ἐπισωρεύσας
1572 1690 1682 1734 πάν-

235 1770 290 1797 τα
318 1754 392 1797 τὸν
421 1754 602 1811 στρατὸν
629 1752 720 1809 ἅμα
745 1761 830 1806 τοῖς
857 1756 1071 1811 τάγμασιν,
1104 1757 1278 1800 ἐπέπεσε
1309 1763 1396 1807 τοῖς
1421 1757 1682 1814 Βουλγάροις

239 1940 437 1984 ignominia
464 1940 581 1974 rediit.
629 1941 736 1975 etiam
763 1941 871 1976 hodie
906 1944 999 1977 circa
1026 1942 1218 1977 Acheloum
1244 1945 1498 1978 exstinctorum
1521 1945 1679 1980 membra

241 1986 362 2021 clades
385 1988 569 2032 perspicue
588 1994 774 2022 testantur.

335 2034 400 2066 Hic
416 2034 483 2066 deo
508 2035 640 2068 invisus
657 2036 849 2069 multorum
867 2040 1068 2070 sanctorum
1087 2037 1255 2082 reliquias
1281 2037 1472 2071 combussit
1492 2039 1547 2072 vel
1572 2040 1679 2073 etiam
1732 2068 1736 2070 ,

239 2081 327 2114 mari
350 2080 506 2113 tradidit.
555 2087 740 2126 propterea
764 2082 813 2116 St.
830 2083 1049 2128 Euphemiae
1072 2084 1251 2128 reliquias,
1276 2084 1372 2128 quod
1394 2085 1569 2128 myrrham
1594 2098 1679 2131 pro-

240 2128 444 2160 venientem
465 2127 584 2160 videre
610 2129 743 2170 noluit,
771 2141 848 2162 cum
885 2131 1028 2163 accain
1057 2130 1167 2163 undas
1196 2130 1361 2172 demisit5
1386 2142 1476 2176 quae
1502 2133 1678 2179 reliquiae

240 2174 280 2206 in
305 2173 438 2206 Lemno
471 2174 588 2206 insula
627 2176 786 2220 integrae
818 2182 1055 2221 pervenerunt
1080 2183 1116 2209 et
1153 2176 1196 2208 ab
1225 2177 1352 2210 incolis
1380 2188 1422 2210 ex
1446 2177 1564 2212 divina
1589 2191 1678 2225 apo-

240 2220 375 2264 calypsi
397 2225 480 2252 sunt
503 2227 679 2265 acceptae.
739 2222 862 2256 aedem
888 2229 1030 2256 sanctae
1065 2229 1102 2257 et
1131 2223 1278 2255 illustris
1304 2227 1610 2259 armamentarium
1641 2231 1678 2260 et

242 2267 486 2299 stercorarium
527 2268 642 2300 locum
683 2268 779 2301 fecit.
844 2270 908 2302 sub
935 2270 1168 2303 Constantino
1196 2275 1232 2302 et
1255 2271 1356 2302 Irene
1385 2282 1447 2303 eae
1472 2273 1568 2317 ipsae
1594 2284 1678 2307 san-

241 2318 321 2346 ctae
347 2313 519 2358 reliquiae
543 2314 901 2348 honorificentissime
928 2317 965 2349 in
992 2316 1112 2349 urbem
1138 2317 1269 2348 relatae.
1296 2323 1389 2349 sunt.

334 2361 400 2392 Hic
427 2359 516 2392 duos
554 2361 705 2394 filiorum
743 2363 979 2407 Nicephorum
1007 2368 1042 2395 et
1079 2362 1370 2407 Christophorum
1399 2364 1566 2397 Caesares
1593 2364 1678 2399 fecit

241 2411 278 2438 et
301 2406 459 2439 Nicetam
485 2406 756 2441 nobilissimum.
819 2409 998 2442 advectam
1028 2409 1205 2442 celocibus
1230 2411 1331 2442 Irene
1352 2410 1498 2444 Athenis
1518 2412 1554 2444 in
1578 2412 1676 2457 prin-

240 2452 353 2496 cipem
379 2454 502 2486 urbem
533 2455 645 2487 Leoni
687 2455 761 2487 filio
798 2455 836 2488 in
866 2456 1131 2489 matrimonium
1169 2456 1269 2488 dedit
1296 2468 1426 2501 easque
1458 2459 1494 2490 in
1518 2459 1568 2491 St.
1594 2460 1675 2491 Ste-

238 2499 348 2543 phani
374 2500 521 2533 ecclesia
545 2502 738 2536 coronavit.
788 2502 877 2534 clam
903 2503 939 2534 in
963 2503 1124 2545 Bulgaria
1149 2504 1279 2535 amicos
1307 2503 1446 2544 habuit,
1472 2505 1532 2549 qui
1558 2506 1676 2537 onmia

240 2552 362 2578 contra
387 2557 424 2579 se
460 2548 549 2580 inita
574 2548 722 2580 consilia
751 2548 818 2580 sibi
849 2549 1107 2581 renunciarent.
1168 2550 1193 2581 ii
1222 2561 1336 2593 regem
1364 2552 1551 2584 certiorem
1580 2553 1676 2584 sece-

240 2597 336 2632 runt,
361 2593 499 2633 ducem,
523 2594 749 2638 Bulgarorum
775 2597 945 2638 populum
972 2596 1129 2627 emisisse
1158 2601 1197 2628 ut
1223 2597 1412 2630 Bersetiam
1437 2603 1588 2642 caperet.
1616 2609 1677 2630 rex

240 2648 325 2670 vero
350 2639 519 2673 simulans
554 2651 590 2673 se
617 2646 739 2686 contra
766 2641 894 2674 Arabes
921 2642 1095 2686 proficisci
1123 2642 1257 2685 legatos
1294 2645 1390 2677 misit
1415 2644 1460 2676 de
1487 2655 1574 2690 pace
1598 2655 1677 2677 cum

241 2683 399 2730 Bulgaris
428 2691 665 2722 transacturos
695 2693 732 2722 et
758 2693 883 2723 coacto
909 2689 1006 2723 omni
1030 2690 1187 2725 exercitu
1222 2696 1259 2725 et
1285 2691 1487 2736 legionibus
1511 2690 1680 2737 Bulgaros
