1838 3132
564 131 1053 174 CImONOGRAPHlA.
1448 125 1538 174 241

98 230 146 271 δὲ
171 227 274 277 Ῥῶς
303 229 544 285 φθάσαντες
583 229 703 274 ἔνδον
730 235 807 274 τοῦ·
835 231 969 285 Ἱεροῦ
998 229 1130 273 πολύν
1156 228 1401 286 εἰργάσαντο
1431 231 1544 287 φθό-

98 310 172 348 ρον
204 297 472 350 Χριστιανῶν
500 297 574 338 καί
590 299 732 339 α’θῶον
762 293 870 350 αἷμα
902 299 1075 351 ἑξέχεον.
1131 296 1322 352 ὑπῆρχον
1348 298 1395 339 δὲ
1422 302 1546 340 πλοῖα

100 360 319 416 διακόσια,
349 361 378 402 ὃ
406 363 743 416 περιεκιῖκλωσαν
782 362 858 416 τὴν
885 362 1004 404 πόλιν
1040 365 1113 405 καί
1137 362 1267 406 πολὺν
1298 363 1431 420 φόβον
1460 370 1547 412 τοῖς

99 426 267 468 ἔνδοθεν
295 429 551 483 ἐνεποίησαν.
608 429 630 470 ὅ
662 431 707 472 δὲ
737 427 937 482 βασιλεὺς
953 429 1199 483 καταλαβών
1220 428 1342 482 μόλις
1373 429 1547 484 ἴσχυσεν

66 494 367 547 ὅδιαπερᾶσαι,
393 495 466 537 καί
493 493 544 548 δὴ
573 495 653 537 σύν
680 497 738 551 τῷ
762 493 1002 552 πατριάρχῃ
1016 497 1168 552 Φωτίῳ
1194 498 1254 544 εἰς
1271 495 1344 538 τόν
1373 498 1417 538 ἐν
1429 500 1545 538 Βλα-

97 560 270 612 χὲρναις
294 557 395 602 ναὸν
425 562 499 613 τῆς
519 562 596 602 τοῦ
617 562 723 602 θεοῦ
740 560 896 615 μητρός
921 563 1195 614 παρεγένοντο
1215 558 1338 603 κᾶκεῖ
1358 561 1404 604 τὸ
1433 567 1548 604 θεῖον

98 625 368 675 ἐξιλεοῦνται.
445 621 536 668 εἶτα
576 629 674 680 μεθ’
706 627 918 683 ὑμνῳδίας
952 625 996 668 τὸ
1034 624 1152 680 ἅγιον
1181 626 1446 682 ἐξαγαγόντες
1475 630 1549 682 τῆς

98 688 298 732 θεοτόκου
328 690 574 747 ω’μοφόριον
598 694 650 749 τῇ
678 690 873 748 θαλάσσῃ
906 688 1020 749 ἄκρῳ
1048 696 1316 748 προσέβαλον.
1373 696 1447 736 καί
1475 711 1548 749 ,νη-
1563 705 1598 737 P.
1612 703 1683 737 464

98 756 242 809 νεμίας
273 749 398 812 οῧσης
425 756 556 806 εὐθὺς
590 758 755 811 οἷνέμων
783 757 967 813 ἐπιφορὰ
1011 760 1084 799 καί
1110 761 1182 813 τῆς
1209 757 1424 815 θαλάσσης
1449 761 1549 816 ἦρε-

45 832 87 867 10
97 818 256 876 μούσης
283 819 477 874 κυμάτων
503 823 807 872 ἐπαναστάσεις
837 819 1137 878 οἷλλεπάλληλοι
1169 825 1428 879 ἐγεγόνεισαν
1438 859 1450 880 ,
1478 829 1551 868 καί

96 885 150 930 ui
180 889 261 929 τῶν
291 889 431 930 α’θέων
458 885 563 938 Ῥῶς
590 895 713 931 πλοῖα
745 887 1027 944 κατεάγησαν,
1066 889 1216 943 ὀλίγων
1257 882 1549 948 ἐκπεφυγότων

95 955 296 997 κίνδυνον.
786 1003 789 1006 ⁴

208 1020 363 1076 Βάρὸα
403 1023 450 1063 δὲ
476 1024 551 1063 τοῦ
583 1021 799 1075 Καίσαρος
842 1024 887 1064 ἐν
918 1025 968 1080 τῇ
996 1024 1243 1078 προελεύσει
1273 1025 1547 1079 διερχομένου

96 1083 201 1138 μετά
229 1090 544 1141 σκαραμαγγίου
566 1087 680 1139 ὀξέος
701 1090 760 1137 εἰς
781 1088 827 1131 τὸ
850 1086 1091 1143 ὡρολόγιον,
1119 1088 1398 1142 καθεζόμενος
1417 1093 1549 1133 ἐκεῖσε

44 1165 85 1199 15
100 1152 314 1205 Δαμιανὸς
341 1157 554 1208 πατρίκιος
590 1155 662 1195 καί
687 1152 1060 1209 παρακοιμαὶμενος
1088 1155 1165 1196 οὐκ
1193 1151 1402 1212 ἐπηγέρθη
1430 1158 1549 1212 τιμῆ-

44 1218 46 1224 ’
95 1234 170 1260 σαι
199 1217 341 1261 αὐτόν.
399 1222 545 1263 τοῦτον
573 1219 676 1263 ἰδών
706 1221 727 1262 ὁ
770 1223 946 1275 Καῖσαρ
978 1221 1182 1277 ἐθυμώθη
1214 1225 1333 1265 λιάν·
1365 1225 1436 1264 καί
1464 1225 1550 1265 εἰσ-

94 1282 290 1332 ελθόντος
329 1283 464 1326 αὐτοῦ’
507 1289 566 1335 εἰς
597 1286 642 1327 τὸ
684 1289 1040 1340 Χρυσοτρίκλινον
1080 1290 1153 1330 καί
1190 1291 1552 1343 συγκαθεσθὲντος

96 1352 156 1406 τῷ
182 1353 354 1404 βασιλεῖ’
389 1355 460 1394 καί
489 1352 738 1405 δακρύοντος
781 1351 863 1394 άπὸ
899 1353 1027 1406 ὀργῆς
1054 1356 1127 1395 καί
1151 1356 1309 1410 θυμοῦ,
1337 1353 1551 1408 ἠρώτησεν

97 1416 174 1471 την
202 1417 341 1459 αἰτίαν
369 1415 392 1458 ὃ
421 1418 633 1471 βασιλεύς.
692 1417 713 1458 ὅ
747 1420 793 1460 δὲ
812 1417 894 1474 ἔφη
924 1415 990 1459 ὅτι
1020 1420 1072 1475 τῇ
1100 1419 1288 1461 κελεύσει
1319 1422 1392 1473 τῆς
1423 1423 1549 1472 βασι-

40 1490 85 1524 20
97 1483 208 1531 λείας
237 1499 314 1525 σου
344 1485 530 1539 ἠξιώθην
559 1488 679 1539 τιμῆς
707 1487 905 1539 μεγάλης,
935 1485 1154 1537 Δαμιανὸς
1184 1488 1232 1527 δὲ
1258 1489 1317 1534 εἰς
1343 1486 1418 1528 σὸν
1445 1481 1589 1530 ὄνει-Β

99 1551 168 1598 δος
197 1549 270 1591 καί
297 1553 368 1605 τῆς
395 1553 469 1605 σῆς
488 1553 706 1604 βασιλείας
736 1552 812 1591 οὐκ
840 1553 1052 1606 ἐπηγέρθη
1069 1566 1142 1604 μοι
1171 1552 1242 1594 ἐπὶ
1267 1554 1340 1607 τῆς
1371 1550 1550 1606 συγκλή-

96 1631 187 1658 του.
246 1617 466 1669 θυμωθείς
508 1618 555 1658 δὲ
589 1615 610 1657 ὅ
641 1616 842 1670 βασιλεὺς
873 1617 1146 1670 Μαξιμιανόν
1185 1634 1281 1660 τινα
1312 1624 1550 1674 κοιτωνίτην

97 1799 363 1847 expeditionem
402 1800 562 1839 remittit,
589 1800 683 1833 nihil
719 1800 852 1843 regium
879 1800 937 1833 vel
967 1810 1178 1843 generosum
1205 1805 1389 1833 executus.
1441 1802 1544 1834 Russi

96 1849 243 1881 Hierum
271 1859 382 1893 usque
411 1852 638 1892 penetrantes
662 1848 849 1893 plurimam
874 1846 1157 1880 Christianorum
1182 1846 1326 1879 caedem
1353 1847 1544 1882 ediderunt

96 1901 134 1928 et
163 1895 350 1928 innoxium
375 1894 576 1927 effuderunt
599 1896 818 1938 sanguinem.
869 1899 972 1927 erant
998 1894 1071 1927 illis
1096 1894 1238 1937 navigia
1267 1893 1432 1934 ducenta,
1459 1896 1542 1940 qui-

97 1942 164 1975 bus
190 1943 314 1976 urbem
337 1940 648 1975 circumdederunt
674 1947 711 1975 et
736 1941 874 1974 civibus
900 1946 1070 1974 terrorem
1098 1941 1326 1974 incusserunt
1348 1942 1541 1984 ingentem.

96 1989 218 2022 urbem
246 2001 366 2023 versus
402 1989 589 2035 appellens
624 1990 818 2034 imperator
852 1989 912 2022 vix
936 1988 1059 2033 potuit
1090 1988 1304 2033 pertransire
1329 1993 1366 2021 el:
1393 1988 1543 2032 ingredi,

96 2043 132 2070 et
157 2036 285 2070 exinde
311 2048 389 2069 cum
424 2035 623 2082 patriarcha
648 2035 776 2069 Photio
813 2034 858 2068 ad
896 2041 1039 2068 sanctae
1074 2034 1134 2068 dei
1163 2035 1344 2079 genitricis
1370 2036 1544 2081 templum

95 2084 355 2117 Blachernense
391 2084 548 2124 accessit,
576 2082 639 2115 ubi
669 2083 826 2116 divinum
861 2093 994 2115 numen
1019 2082 1161 2127 placare
1190 2081 1426 2115 contendunt.
1477 2082 1543 2114 de-

95 2130 180 2164 inde
203 2143 280 2164 cum
306 2131 516 2174 hymnorum
542 2130 706 2163 cantibus
733 2140 865 2163 sacram
900 2128 1069 2174 deiparae
1093 2134 1225 2162 vestem
1253 2131 1457 2170 efferentes,
1480 2140 1544 2162 ex-

94 2184 208 2211 tremo
236 2179 339 2211 maris
365 2178 477 2211 littori
507 2188 583 2210 eam
600 2176 850 2218 admoverunt3
877 2187 1076 2221 magnaque
1099 2176 1197 2221 prius
1221 2174 1304 2209 data
1328 2176 1419 2209 aeris
1445 2182 1545 2209 tran-

96 2225 292 2270 quillitate,
320 2225 506 2258 confestim
522 2228 709 2258 v'entorum
735 2225 888 2269 impetus
904 2223 1093 2256 vehemens
1120 2223 1308 2262 excitatus,
1331 2228 1368 2256 et
1392 2222 1428 2255 in
1453 2223 1543 2256 mari

95 2272 194 2317 prius
224 2273 447 2317 pacatissimo
486 2271 656 2305 fluctuum
692 2272 845 2304 insultus
883 2269 928 2303 ad
954 2271 1105 2302 invicem
1141 2270 1226 2302 facti
1260 2275 1344 2303 sunt
1367 2271 1544 2313 ingentes,

95 2318 186 2351 adeo
211 2325 252 2351 ut
279 2319 467 2363 impiorum
504 2320 694 2351 Russorum
727 2317 866 2362 navigia
904 2317 1235 2361 confringerentur,
1260 2316 1382 2362 paucis
1420 2327 1542 2349 eorum

95 2366 257 2412 periculo
288 2368 433 2412 creptis.

191 2412 323 2446 Bai-dae
358 2424 441 2446 vero
477 2412 616 2445 Caesari
646 2411 777 2444 celebri
814 2421 978 2455 processu
1005 2409 1145 2450 delato,
1173 2414 1209 2442 et
1233 2409 1384 2442 violacei
1410 2409 1540 2442 coloris

95 2460 338 2503 Scaramangio
363 2459 502 2499 indum,
532 2459 724 2491 Damianus
753 2458 925 2503 patricius
956 2462 993 2490 et
1019 2457 1214 2497 accubitor,
1242 2456 1287 2489 ad
1313 2455 1540 2499 horologium

94 2507 236 2548 sedens,
263 2506 441 2540 honorem
458 2505 692 2544 exhibiturus,
717 2515 791 2538 non
815 2505 1016 2537 assurrexit.
1068 2514 1111 2538 eo
1135 2504 1210 2537 viso
1234 2504 1363 2536 Caesar
1401 2503 1451 2535 ira
1477 2514 1540 2534 ex-

94 2554 254 2595 canduit,
276 2553 555 2598 deauratumque
587 2553 783 2585 triclinium
818 2552 1007 2595 ingressus,
1043 2557 1081 2584 et
1107 2550 1154 2584 ad
1177 2551 1428 2596 imperatorem
1453 2561 1542 2583 con—

94 2601 226 2641 sidens,
250 2613 293 2634 ex
318 2611 477 2634 maerore
513 2605 550 2633 et
574 2599 694 2632 furore
722 2599 876 2632 lacrimis
905 2598 1069 2644 perfusus
1103 2603 1168 2632 est.
1220 2608 1359 2630 causam
1387 2597 1542 2642 impera-

94 2649 331 2691 tor-iroganti
357 2648 449 2680 dixit
480 2647 543 2679 ille
570 2646 680 2679 “mihi
705 2647 845 2691 imperii
871 2646 924 2678 tui
947 2645 1044 2679 iussu
1063 2644 1237 2689 dignitate
1259 2653 1385 2686 magna
1411 2654 1540 2689 prove,-

95 2701 152 2728 cto
179 2695 370 2728 Damianus
410 2699 653 2738 contemptum
688 2700 723 2727 et
752 2693 904 2738 imperio
941 2698 1004 2726 tuo
1030 2692 1198 2739 probrum
1226 2691 1389 2723 illaturus
1415 2696 1540 2724 senatu

168 2767 237 2802 Leo
266 2770 543 2803 Grammaticus.
1247 2763 1296 2796 -16
