1838 3132
589 116 1079 162 CHRONOGRAPfflA.
1468 114 1559 163 145

241 216 263 261 ἦ
290 215 476 256 πολύπαις
499 219 681 262 βασίλεια,
704 221 768 253 καὶ
794 218 814 262 ἧ
843 219 996 261 δείξασα
1018 223 1135 269 λοχείῃ

301 274 351 314 ὥς
372 271 522 322 ἀγαθὸν
546 278 684 312 τελέθει
706 279 770 311 καὶ
801 279 1092 326 πολυκοιρανίη,

245 339 372 382 κεῖμαι
401 329 471 370 σὺν
493 336 659 369 τεκέεσσι
681 337 746 369 καὶ
771 334 932 384 ἡμετέρῳ
959 340 1187 386 παρακοίτῃ,

299 391 416 439 δήμου
440 391 645 439 ἀτασθαλίῃ
673 395 739 428 καὶ
761 397 877 442 μανίη
904 398 1090 442 στρατιῆς.

77 449 100 484 5
244 451 354 494 ἔτλην
376 450 441 493 τῆς
460 448 611 495 Ἑκάβης
635 445 730 485 πολὺ
750 454 921 498 χείρονα,
946 453 1006 496 τῆς
1026 452 1220 498 Ἰοκάστης.

136 514 137 517 ’
304 510 347 542 αἲ
369 509 412 542 αἲ
431 507 494 551 τῆς
514 508 654 553 Νιόβης
676 508 840 556 ἔμπνοός
864 513 941 558 εἰμι
958 512 1076 551 νέκυς.

245 569 311 604 ναὶ
331 569 397 603 ναὶ
421 562 486 602 τὸν
508 569 671 613 γενὲτην.
719 571 757 601 τί
790 567 913 614 μάτην
950 565 996 604 τὰ
1026 566 1164 617 νεογνὰ
1194 572 1376 613 ἔκτειναν,

303 622 524 670 ἀνθρώπων
546 628 675 668 κακίης
699 625 818 673 μηδὲν
845 627 1102 675 ἔπιστάμενας

241 681 433 731 ἡμετέροις
458 682 654 718 πετάλοισι
676 684 878 724 κατάσκιος
900 685 1023 721 οὐκέτι
1041 686 1179 735 Ῥώμη·

57 742 99 778 10
303 739 386 788 ῥίζα
409 737 484 787 γάρ
514 740 675 785 ἐκλάσθη
705 743 893 790 Θρηικίοις
917 742 1083 792 ἀνέμοις.

207 804 368 852 Ἔκτοτε
398 810 446 851 δὲ
479 809 734 859 Φιλιππικός
776 810 1104 866 ἅποκειράμενος
1133 814 1205 854 καί
1231 810 1466 868 ἱερωσύνην
1492 816 1573 854 λα-

109 877 212 929 βών,
244 877 289 918 ἐν
315 875 618 932 Χρυσουπόλει
643 878 847 919 διατελῶν
874 877 1046 932 ἡσύχως
1073 868 1330 934 ἐτελεύτησε.
1388 878 1462 921 καί
1487 879 1570 919 clm)

109 941 200 985 τότε
227 942 280 983 ου’
307 940 467 984 διέλιπε
485 944 535 1002 τῇ
554 944 743 1002 πολιτείᾳ
759 944 1071 998 δυστυχήματα
1087 948 1253 988 ποικίλα
1274 961 1317 988 τε
1344 944 1419 987 καί
1444 943 1574 987 ἐπάλ-

110 1011 238 1063 ληλα·
303 1004 327 1050 ὅ
355 1023 402 1050 τε
430 1006 525 1064 ,γάρ
554 1008 752 1064 Χοσρόης
791 1008 813 1051 ὅ
854 1013 1030 1066 Πέρσης
1071 1011 1146 1066 τὴν
1188 1010 1354 1066 εἰρήνην
1392 1013 1574 1066 διέλυσε,

55 1080 98 1114 15
110 1077 183 1117 καί
202 1072 400 1130 Ἀβάρεις
427 1073 504 1130 τήν
535 1074 704 1134 Θρᾴκην
742 1074 936 1131 έδήωσαν
966 1079 1040 1118 καί
1067 1073 1199 1134 ἄμφω
1228 1078 1279 1120 τά
1311 1077 1575 1134 στρατόπεδα

109 1143 195 1183 τῶν
232 1141 458 1194 “Ρω,ιιαι’ων
501 1137 778 1198 διέφθειραν,
818 1142 891 1184 καὶ
924 1142 1089 1197 χειμών
1127 1143 1368 1198 βαρύτατος
1408 1142 1576 1199 γεγόνεν

111 1203 222 1250 ὥστε
248 1210 432 1262 παγῆναι
459 1206 535 1262 τὴν
564 1206 790 1251 θάλασσαν
830 1211 904 1251 καί
929 1208 1028 1259 τούς
1058 1208 1214 1264 ἰχθύας
1245 1209 1462 1253 τεθνάναι.

222 1273 490 1328 Ποιήσαντος
518 1275 565 1315 δὲ
592 1276 729 1315 αύτοῦ
748 1273 930 1331 ἱππικόν,
960 1276 1034 1318 καί
1061 1279 1111 1333 τῇ
1128 1272 1283 1334 ἑσπέρᾳ
1312 1279 1450 1334 πολλῷ
1479 1275 1577 1334 οἴνῳ

111 1342 382 1396 χρησαμένου
412 1339 485 1381 καί
501 1341 780 1394 βραδύνοντος
799 1342 1006 1394 α’νελθεῖν,
1036 1341 1207 1398 ἔκραζεν
1229 1342 1251 1383 ὅ
1282 1344 1414 1397 δῆμος
1448 1340 1580 1384 “οἷνά·

53 1415 100 1451 20
113 1410 246 1448 τειλον
276 1407 460 1447 wama-’²
530 1405 589 1461 μη
630 1407 904 1461 ἐξερχομένου
947 1409 994 1450 δὲ
1021 1408 1155 1450 αύτοῦ
1194 1406 1343 1461 τάχιον
1364 1406 1470 1462 πρὸς
1499 1407 1578 1461 τήν

111 1474 219 1515 θέαν
246 1471 328 1529 ἔφη
364 1469 386 1513 ὅ
435 1473 564 1528 δῆμος
601 1470 755 1515 ι(πάλιν
785 1472 856 1515 τὸν
893 1476 1046 1515 καῦκον
1074 1471 1201 1529 ἔπιες,
1230 1474 1354 1516 πάλιν
1380 1473 1452 1517 τύν
1474 1477 1577 1516 νοῦν

113 1538 378 1587 ‹laeda-som?
434 1540 502 1594 ἐφ’
524 1535 590 1589 ,οἷς
614 1539 764 1592 μανεὶς
780 1538 959 1588 πολλούς
987 1541 1279 1596 η’κρωτηριάσε
1314 1542 1388 1582 καί
1413 1542 1578 1582 πολλῶν

111 1605 298 1663 κεφαλάς
327 1606 519 1660 ἀπέτεμε.
548 1608 624 1649 τοῦ
654 1607 701 1648 δὲ
738 1601 869 1660 ὄχλου
899 1607 984 1661 πῦρ
1016 1607 1076 1657 εἰς
1105 1606 1152 1649 τὸ
1181 1607 1440 1664 πραιτώριον
1467 1604 1575 1662 βάλ-

313 1790 438 1825 liberis
465 1790 619 1825 fecunda
646 1791 770 1836 regina
802 1796 839 1825 et
864 1802 957 1837 quae
983 1792 1127 1826 ostendi
1153 1793 1327 1838 pariendo

356 1839 491 1872 bonum
522 1849 596 1872 esse
622 1839 728 1872 etiam
757 1838 948 1872 multorum
974 1839 1165 1884 imperium

312 1890 412 1922 iaceo
438 1897 519 1918 cum
538 1886 661 1919 liberis
686 1891 885 1931 nostroque
913 1887 1040 1920 marito

356 1933 486 1978 populi
513 1933 647 1966 scelere
674 1938 711 1966 et
736 1934 912 1966 exercitus
944 1933 1078 1967 furore.

308 1991 480 2028 perpessa
509 1992 584 2013 sum
611 1981 725 2013 multo
753 1981 877 2026 peiora
901 1979 1048 2014 Hecuba
1074 1984 1110 2013 et
1133 1981 1271 2013 Iocasta

356 2027 427 2060 heu
456 2026 526 2060 heu
551 2027 687 2061 Niobes
713 2028 908 2060 animatum
934 2038 1061 2073 corpus
1085 2038 1174 2060 sum.

309 2074 401 2120 proh
424 2073 586 2120 patrem!
616 2073 704 2120 quid
729 2075 968 2120 nequicquam
992 2074 1149 2108 instantes
1171 2073 1432 2107 iuterfecerunt

356 2122 541 2155 hominum
566 2122 802 2166 maiignitatis
830 2121 991 2155 inscios?

310 2170 443 2202 nostris
472 2169 569 2202 soliis
598 2180 782 2214 nunqnam
815 2168 1042 2202 inumbratur
1067 2169 1195 2203 Roma:

357 2216 459 2249 radix
484 2217 578 2250 enim
604 2216 767 2250 Thraciis
797 2217 911 2250 ventis
943 2216 1055 2249 fracta
1083 2221 1149 2249 est.
1306 2233 1326 2251 ο

205 2285 295 2319 Inde
309 2284 529 2331 Philippicus
558 2292 684 2320 tonsus
711 2291 747 2319 et
774 2285 939 2319 sacerdos
963 2285 1077 2318 factus
1092 2284 1304 2330 Chrysopoli
1319 2284 1440 2318 vivens
1467 2288 1566 2316 tran-

113 2331 228 2377 quille
254 2338 414 2366 mortuus
441 2339 507 2367 est.
557 2339 667 2379 atque
692 2332 777 2366 inde
807 2344 851 2365 ex
878 2332 945 2365 hoc
974 2337 1135 2378 tempore
1161 2344 1235 2365 non
1261 2332 1486 2376 reliquerunt
1513 2330 1568 2362 ci-

111 2380 258 2413 vitatem
284 2381 502 2414 calamitates
526 2383 644 2414 variae
674 2386 709 2414 et
735 2381 940 2413 continuae.
989 2379 1164 2413 Chosroes
1189 2379 1284 2413 enim
1313 2379 1413 2411 Persa
1443 2388 1568 2422 pacem

113 2427 221 2471 rupit,
245 2431 282 2460 et
307 2428 411 2460 Avari
435 2427 623 2461 Thraciam
656 2432 907 2467 vastaverunt,
942 2431 979 2459 et
1002 2432 1195 2472 utrumque
1219 2426 1410 2460 exercitum
1437 2426 1567 2457 Roma-

112 2485 240 2506 norum
267 2474 499 2518 attriverunt;
539 2474 654 2509 hiems
691 2475 799 2508 etiam
826 2474 1031 2518 gravissima
1068 2479 1155 2516 erat,
1186 2479 1225 2508 ut
1247 2484 1342 2507 mare
1368 2471 1503 2515 gelaret
1531 2476 1568 2505 et

113 2521 232 2567 pisces
259 2527 492 2554 morerentur.

209 2568 330 2613 Quum
356 2568 570 2602 instituisset
604 2579 744 2602 cursum
778 2579 953 2613 equorum
970 2592 980 2609 ‚
1006 2569 1148 2613 vesperi
1175 2572 1293 2600 autem
1319 2565 1471 2598 multum
1494 2565 1571 2599 vini

114 2614 267 2648 bibisset
292 2620 328 2647 et
357 2615 478 2658 egredi
498 2621 735 2656 cunctaretur,
759 2615 926 2648 clamavit
949 2615 1105 2660 populus
1130 2620 1256 2658 “surge
1276 2612 1434 2646 Pl10ca!”
1460 2623 1571 2658 quum

114 2673 198 2695 vero
225 2672 299 2695 non
329 2662 481 2694 celerius
511 2662 556 2695 ad
582 2663 826 2709 spectaculum
853 2662 1092 2706 egrederetur,
1118 2662 1273 2707 populus
1297 2661 1485 2702 “iterum,”
1512 2660 1570 2692 in-

115 2709 208 2754 quit,
231 2714 404 2743 “caucum
431 2708 578 2751 bibisti,
612 2710 742 2745 iterum
768 2714 925 2743 mentem
957 2709 1205 2755 perdidistisss
1242 2719 1314 2754 quo
1340 2708 1451 2742 iratus
1474 2706 1570 2741 mul-

195 2784 266 2818 Leo
296 2784 573 2819 Grammaticus.
1271 2781 1315 2815 10
