1838 3132
563 153 568 161 ,
623 114 1111 157 CHRONOGRAPHIA.
1482 109 1578 156 219

140 215 436 269 προσεδέξαντο
467 212 523 262 ὥς
552 217 728 266 βασιλέα
755 214 984 266 Ῥωμαίων.
1021 213 1041 255 ὃ
1075 215 1120 255 δὲ
1147 212 1342 266 βασιλεύς
1370 211 1581 266 Μανουῆλ

140 283 398 335 προσρυέντα
430 286 515 329 τοῖς
537 277 783 334 Ἀγαρηνοῖς
796 279 949 330 μαθών
978 283 1021 321 ἐν
1038 281 1169 336 πολλῇ
1200 279 1347 331 θλίψει
1373 279 1446 319 καί
1471 279 1579 331 α’γω-

140 350 207 404 νίᾳ
248 348 436 401 γέγονεν,
476 347 547 387 καί
582 345 737 400 βουλήν
775 347 952 386 ἐποιεῖτο
992 344 1096 399 μετὰ
1128 345 1319 388 Ἰωάννου
1355 345 1580 398 συγκέλλου

139 410 237 466 περὶ
262 411 419 454 τούτου.
477 411 499 453 ὁ
531 415 576 454 δὲ
604 408 716 453 εἶπεν
745 412 812 453 “εἰ
845 410 1074 465 προθύμως
1102 411 1245 465 βούλει
1274 409 1343 453 τὸν
1370 408 1582 464 Μανουὴλ

106 477 244 531 ὃπρός
272 480 319 520 σὲ
348 480 513 531 ἐλθεῖν,
551 473 585 520 ὦ
620 477 809 532 βασιλεῦ’,
845 476 968 526 αὐτὸς
995 477 1074 532 ἐγώ
1099 477 1259 531 ἕτοιμος
1285 479 1403 519 τοῦτο
1432 480 1617 529 nocetne,ss

136 541 338 597 χρήματα
366 543 506 597 λαβών
525 546 614 585 ·καί
640 543 744 598 πρὸς
781 541 851 584 τὸν
877 545 1146 599 α’μερουμνῆν
1173 541 1335 592 σταλείς
1367 541 1433 591 ὦς’
1450 543 1580 597 δῆθεν

138 608 238 658 τούς
264 612 308 651 ἐν
335 608 476 666 εἱρκτῇ
504 609 842 665 ἐπισκεψόμενος,
872 608 981 663 ἔχων
1001 610 1293 665 ἑνυπόγραφον
1321 607 1437 663 λόγον
1464 605 1577 661 παρὰ

138 678 213 730 τῆς
256 677 333 729 σῆς
371 679 586 728 βασιλείας
627 671 662 735 ᾦ·
700 676 831 718 πείσω
861 675 935 719 τὸν
962 674 1176 731 Μανουὴλ
1216 677 1275 725 εἷς
1303 671 1403 728 ὄψιν
1429 674 1579 718 ἐλθών.

138 743 247 783 δοκῶ
276 743 323 783 δὲ
352 743 473 783 τοῦτο
501 743 673 797 πράξειν
700 745 756 799 τῷ
783 758 829 784 τε
868 742 1147 799 ἐνυπογριὲφῳ
1195 740 1300 798 λόγῳ
1330 742 1401 782 καί
1425 741 1473 797 τῇ
1502 741 1583 796 ε’μῇ

83 811 314 850 1οπειθοῐ.”
379 808 400 850 ὅ
433 811 479 852 δὲ
518 808 717 863 βασιλεὺς
753 808 977 863 πάμπολλα
1007 808 1203 865 χρήματα
1232 808 1303 850 καί
1326 810 1449 861 ,δῶρα
1478 805 1584 861 πρὸς

135 873 208 917 τὸν
235 876 502 931 α’μερουμνῆν
547 874 644 924 δοὺς
662 876 793 933 ἀὐτῷ
822 872 1074 918 ἀπέστειλεν.
1130 874 1152 916 ὅ
1183 875 1229 916 δὲ
1256 873 1456 916 εἰσελθών
1476 871 1583 925 μετὰ

135 943 299 983 πολλῶν
325 941 552 997 χρημάτων
579 944 652 984 καί
679 941 839 994 κόσμου
867 944 1091 996 παντοίου,
1133 938 1189 990 ὥς
1227 943 1299 982 καί
1326 939 1423 987 τούς
1453 940 1583 994 Ἀγα..

135 1006 287 1061 ρηνούς
315 1010 386 1050 ε’πί
411 1010 467 1064 τῷ
499 1008 663 1065 πλούτῳ
692 1009 826 1050 αὐτοῦ
852 1010 1117 1062 ἐκπλαγῆναι,
1142 1006 1192 1049 τὰ
1213 1005 1479 1061 δεσμωτήρια
1508 1003 1582 1061 ῥυ..

132 1070 286 1126 γεύσας
315 1075 388 1115 καί
411 1074 482 1116 τὸν
504 1075 882 1128 πρωτοσύμβουλον
910 1074 1168 1127 θεασάμενος
1197 1072 1378 1128 ἐδυνήθη
1407 1072 1479 1114 καί
1503 1071 1582 1114 λά-

82 1146 125 1179 15
138 1143 223 1194 θρα
250 1143 527 1195 συνομιλῆσαι
562 1144 620 1198 τῷ
659 1141 870 1196 Μανουὴλ
909 1140 980 1182 καί
1013 1142 1160 1182 δοῦναι
1192 1140 1303 1196 αὐτῷ
1332 1138 1401 1181 τὸν
1429 1137 1581 1181 ἑνυπό-

136 1221 297 1262 γραφον
343 1209 462 1260 λόγον
497 1210 569 1249 καί
605 1207 648 1249 τὸ
692 1206 905 1263 φυλακτόν
942 1211 1016 1249 τοῦ
1053 1207 1270 1260 βασιλέως.
1337 1206 1409 1247 καί
1450 1201 1618 1258 ὃμὲνῦ

131 1275 265 1314 ταῦτα
307 1272 468 1326 πράξας
505 1273 794 1328 ὑπέστρεψεν,
829 1271 1073 1328 οἷναγγείλας
1112 1274 1167 1330 τῷ
1196 1276 1366 1326 βασιλεῖ
1388 1268 1465 1314 ὅσα
1496 1274 1581 1313 διε-

137 1340 322 1394 πράξατο
340 1356 350 1366 ·
407 1336 428 1379 ὃ
463 1341 508 1380 δὲ
539 1339 750 1393 Μανουὴλ
791 1339 1109 1394 ἐξαιτησάμενος
1135 1339 1208 1381 τὸν
1236 1339 1478 1393 ἅμερουμνῆ
1504 1339 1581 1380 τοῦ

137 1409 319 1456 ἐξελθεῖν
345 1405 446 1446 κατὰ
477 1404 627 1454 ἔθνους
657 1406 770 1455 τινὸς
808 1407 1007 1459 πολεμίου
1045 1406 1189 1454 αὐτοῖς
1201 1403 1338 1458 «ἔτυχε
1360 1406 1433 1458 τῆς
1462 1404 1582 1458 αἰτή-

80 1480 126 1513 20
138 1487 254 1527 σεως,
285 1474 357 1513 καί
383 1472 524 1526 λαβών
554 1472 627 1514 τὸν
665 1475 742 1513 τοῦ
770 1474 1016 1527 α’μερουμνῆ
1048 1470 1142 1514 υἱὸν
1169 1471 1242 1514 καί
1266 1471 1364 1514 λαὸν
1388 1476 1583 1513 πλεῖστον

138 1537 325 1592 ἀπῆλθεν
364 1541 438 1579 καί
475 1539 588 1593 νίκην
623 1537 808 1593 μεγάλην
846 1537 1078 1593 εἰργάσατο.
1143 1540 1215 1581 καί
1242 1540 1384 1580 τοῦτον
1414 1540 1459 1580 ἐν
1488 1537 1581 1590 μεί-

138 1605 226 1655 ζονι
254 1606 354 1662 τιμῇ
384 1601 408 1660 ἢ
434 1603 478 1647 τὸ
510 1607 672 1660 πρῶτον
701 1603 941 1661 εἰργάσατο,
971 1606 1044 1648 καί
1068 1605 1201 1648 πάντα
1230 1601 1281 1660 ἦν
1309 1603 1436 1654 αὐτὸς
1454 1599 1578 1660 ’παρὰ

232 1708 264 1763 ’.7.
293 1726 381 1768 τούς
405 1729 473 1762 add
501 1729 622 1763 Comb.
672 1754 675 1756 —
770 1729 824 1765 14.
853 1730 1006 1777 πρῶτον
1030 1731 1239 1779 σύμβουλον
1263 1731 1286 1764 Ρ
1429 1730 1486 1765 20.
1516 1732 1580 1766 καὶ

232 1773 368 1824 λαβών]
397 1776 615 1823 καταλαβών
639 1779 662 1811 Ρ

140 1879 188 1911 sic
215 1879 390 1924 excipitis,
418 1881 616 1915 securitatis
637 1880 768 1914 indicia
792 1879 956 1916 mittite?
984 1882 1038 1914 illi
1071 1881 1199 1915 nuntio
1226 1881 1384 1923 recreati,
1409 1881 1581 1915 immuni-

141 1927 223 1960 tatis
249 1927 354 1960 misso
381 1927 528 1970 libello,
559 1930 659 1962 velut
686 1931 921 1962 Romanorum
946 1930 1194 1974 imperatorem
1230 1928 1414 1962 admisere.
1463 1929 1579 1974 impe-

139 1980 235 2007 rator
256 1985 339 2008 vero
378 1975 422 2007 ad
446 1979 623 2020 Agarenos
652 1977 855 2010 Manuelem
886 1976 1057 2010 defecisse
1083 1975 1254 2018 audiens,
1285 1977 1398 2010 multo
1421 1987 1580 2010 maerore

139 2027 176 2054 et
204 2022 310 2057 animi
333 2025 492 2067 angustia
518 2029 698 2069 correptus
727 2030 799 2066 est;
831 2030 867 2057 et
891 2035 969 2057 cum
988 2026 1120 2058 Ioanne
1145 2025 1302 2067 syncello
1331 2023 1375 2057 de
1399 2023 1468 2056 hoc
1493 2035 1580 2056 con-

139 2068 337 2102 siliabatur.
387 2071 451 2103 ille
480 2083 563 2104 vero
595 2070 688 2104 dixit
709 2072 762 2104 “si
793 2083 834 2104 ex
860 2073 978 2105 animo
996 2072 1200 2106 Manuelem
1223 2070 1268 2104 ad
1291 2077 1327 2104 te
1354 2070 1490 2115 regredi
1516 2083 1580 2104 cn-

138 2117 206 2160 pis,
231 2118 384 2162 acceptis
409 2119 568 2163 pecuniis
593 2117 639 2151 ad
663 2130 901 2152 amerumnem
925 2119 1062 2160 missus,
1090 2119 1190 2165 quasi
1218 2119 1257 2152 in
1281 2130 1421 2152 carcere
1450 2118 1580 2152 deten-

139 2168 193 2195 tos
219 2164 423 2198 visitaturus
439 2191 448 2206 ,
485 2166 668 2210 negotium
710 2166 780 2199 hoc
806 2166 978 2200 conficere
1010 2172 1154 2212 paratus
1178 2178 1266 2207 snm,
1292 2172 1328 2199 et
1355 2166 1399 2199 ab
1429 2166 1579 2212 imperio

139 2214 202 2242 tuo
227 2212 423 2245 securitatis
452 2212 521 2246 fide
549 2213 744 2258 subscripta
774 2214 934 2247 Manueli
959 2219 999 2248 ut
1021 2213 1067 2247 ad
1092 2220 1322 2260 conspectum
1348 2213 1473 2247 redeat
1494 2226 1579 2247 sna-

139 2256 245 2305 debo-
294 2259 498 2304 subscriptis
524 2266 640 2294 autem
667 2262 809 2303 litteris,
834 2262 1004 2307 vocisque
1027 2261 1173 2295 suadela
1194 2267 1310 2295 totum
1338 2262 1407 2294 hoc
1433 2272 1488 2293 me
1513 2273 1594 2308 per

139 2309 314 2337 racturum
341 2306 516 2340 confido.”
571 2309 765 2353 imperator
799 2310 998 2346 commissa.
1022 2311 1254 2355 pecuniarum
1277 2308 1508 2342 multitudine
1543 2315 1580 2344 et

139 2350 231 2384 datis
256 2352 301 2385 ad
329 2364 565 2388 amerumnem
601 2356 732 2389 litteris
759 2357 874 2389 virum
903 2355 1104 2391 destinavit.
1161 2357 1226 2390 ille
1250 2368 1329 2390 cum
1353 2355 1516 2402 pecuniis
1541 2362 1580 2391 et

138 2399 236 2431 vario
262 2407 431 2446 apparatu
457 2403 645 2446 ingressus,
669 2403 758 2436 adeo
789 2409 830 2436 ut
853 2402 1145 2449 obstupescerent
1160 2404 1322 2448 Agat-eni,
1361 2403 1489 2449 sparsis
1514 2415 1580 2447 per

138 2447 313 2488 ergastula
341 2450 512 2492 pecuniis,
537 2455 573 2483 et
599 2451 673 2484 viso
700 2452 939 2496 Agarenorum
976 2463 1139 2497 supremo
1167 2450 1382 2492 consiliario,
1408 2461 1487 2484 cum
1500 2451 1579 2484 Ma-

138 2494 246 2525 nuele
270 2494 377 2527 etiam
415 2496 503 2528 clam
528 2498 717 2531 convenire
757 2499 896 2538 valuit,
937 2504 974 2531 et
995 2499 1134 2533 tabulas
1161 2499 1206 2532 ab
1235 2510 1277 2532 eo
1303 2498 1516 2543 subscriptas
1542 2503 1579 2533 et

139 2541 274 2573 salvum
300 2541 513 2575 conductum
537 2544 713 2578 exhibere.
768 2545 823 2578 his
849 2545 892 2578 ab
921 2557 963 2579 eo
988 2546 1114 2590 gestis,
1138 2558 1231 2592 quae
1255 2546 1381 2579 fuisset
1407 2551 1575 2579 executus

138 2588 342 2633 imperatori
371 2591 550 2630 nuntians,
575 2603 750 2636 regressus
776 2599 839 2625 est.
888 2593 1032 2627 Manuel
1053 2599 1171 2627 autem
1199 2593 1365 2626 adversus
1390 2593 1575 2627 nationem

139 2645 216 2667 cum
243 2646 444 2669 amerumne
470 2638 690 2672 inimicitiam
716 2646 876 2683 agentem
904 2641 1148 2684 proficiscendi
1170 2641 1337 2674 facultate
1362 2640 1486 2685 petita,
1511 2651 1576 2686 po-

137 2683 278 2715 stulatis
304 2685 438 2728 potitus
466 2690 541 2718 est:
566 2686 672 2720 ducto
710 2699 862 2733 namque
887 2689 1104 2732 amerunmis
1133 2689 1207 2721 filio
1241 2693 1276 2721 et
1303 2687 1449 2733 copioso
1475 2698 1576 2721 exer-
