1838 3132
265 137 361 184 366
808 137 1141 180 EUSTATfflUs
1196 172 1198 174 .
1241 102 1245 107 Ι

597 258 828 303 Προθεωρία
853 254 913 299 τῆς
938 254 1106 298 τοιαύτης
1142 254 1374 302 συγγραφῆς.

376 345 557 389 Πόλεων
601 342 779 393 ἁλώσεις
819 343 1111 402 ἱστορούμεναι
1157 341 1237 385 εἴτε
1267 343 1602 400 συγγραφὸμεναι
1630 362 1704 400 με·

265 412 410 462 θόδοις
438 412 691 453 διοικοῦνται
718 409 774 458 ὥς
802 408 853 451 τὰ
883 408 1012 452 πολλοὶ
1041 414 1131 458 ταῖς
1150 409 1309 458 αὔταῖς.
1349 405 1443 451 οὔτε
1473 411 1519 452 δὲ
1545 409 1707 462 ἁπάσας

264 479 340 528 τὰς
367 475 671 531 ἐπιβαλλούσας
702 473 1063 531 η’ναγκασμένωςὸ
1092 474 1268 530 γράφων
1295 477 1610 535 διαχειρίσεταιῑ
1632 478 1707 519 οὗ-

266 546 315 586 δὲ
339 542 425 598 μὴν
449 541 524 591 τοὶς
568 543 845 598 ἀμφοτέρωθι
882 539 1072 595 χρηστὰς
1102 539 1302 590 ὡσαύτως
1330 541 1740 598 διοικονομῆσεται·5

265 610 371 653 α’λλά
409 610 671 663 καθιστορῶν
709 609 786 660 μὲν
828 607 899 649 καί
925 608 1102 655 dna-91:34·
1139 604 1314 663 γράφων
1354 609 1425 649 καί
1466 609 1710 664 θεολογὴσει

265 675 377 718 ἔστιν
415 669 489 728 οὗ,
531 676 605 716 καί
639 672 744 729 πρὸς
782 671 950 730 φύσεως
991 670 1114 726 λόγον
1152 673 1493 730 ἑμπλατυνεΐται,
1533 677 1606 716 καί
1634 674 1710 730 τὴν
1748 704 1749 707 =

268 741 429 798 φράσιν
456 741 503 783 δὲ
533 740 787 793 ψιμιθιαὶσει
815 737 917 792 πρὸς
944 731 1091 787 κάλλος
1119 739 1442 795 ἀφειδέστερον,
1485 738 1559 782 καί
1582 755 1709 782 τοπο-

264 804 500 862 γραφὴσει,
538 806 611 847 καί
637 803 888 860 ἐκφράσεσιν
917 804 1205 858 ε’ναγλαῖσεται
1226 835 1237 856 ,
1280 806 1351 845 καί
1389 801 1495 855 ὅλως
1533 801 1600 848 οἷα
1627 805 1708 858 ἔξω

264 870 429 921 πάθους
457 874 594 914 λαλῶν
621 868 752 912 πολλοὶ
780 868 1025 924 διαθήσεται
1049 869 1154 925 πρὸς
1170 869 1297 924 χάριν
1324 872 1463 926 α’κοῆς,
1491 873 1566 913 οιῖκ
1598 873 1708 928 οἶφὲ-
1722 882 1764 916 10

264 940 377 988 ξεται
410 939 456 979 δὲ
489 937 588 980 οὐδὲ
617 938 699 979 τῶν
728 934 786 985 οἷς
812 935 933 989 εἰκός,
962 934 1269 990 στοχαζόμενος
1288 935 1418 986 αὐτὸς
1446 937 1632 980 ἐνταῦθα’
1648 954 1707 993 γε,

264 1001 332 1045 ὅτι
362 1005 470 1059 μηδὲ
499 1004 637 1058 παρῆν
677 1009 762 1052 τοῖς
799 1003 1107 1058 α’φηγουμένοις
1134 1007 1294 1054 κακοῖς,
1323 1001 1380 1053 ὦς
1403 1004 1476 1045 καί
1501 1003 1708 1047 παθαίνε-

264 1073 368 1113 σθαι
397 1073 468 1112 καί
498 1069 603 1112 αὐτὰ
636 1068 685 1125 δὴ
717 1066 895 1125 φράζειν
923 1071 1073 1111 ἐκεῖνα.
1131 1071 1201 1110 καί
1227 1064 1337 1111 οὕτω
1364 1070 1442 1122 μὲν
1471 1068 1494 1110 ὅ
1522 1069 1573 1111 τοὶ
1602 1070 1708 1124 πρὸς

261 1135 452 1190 ἱστορίαν
480 1137 618 1192 δηλῶν
635 1152 645 1163 ·
702 1135 722 1178 ὃ
749 1135 797 1176 δὲ
825 1133 898 1176 καί
918 1133 1259 1191 συγγραφόμενος
1285 1137 1358 1176 καί
1381 1136 1635 1190 χρωτισθεὶς
1653 1139 1709 1194 τῷ

261 1206 375 1260 κακῷ
423 1202 587 1245 πάντων
625 1200 789 1244 ἐκείνων
828 1201 1093 1257 προσόψεται
1131 1204 1211 1253 μὲν
1253 1202 1495 1255 ἀναγκαίως,
1537 1202 1613 1244 οὐκ
1639 1204 1709 1244 ἐπὶ
1721 1218 1763 1252 15

261 1271 456 1312 τοσοῦτον
484 1270 553 1321 δέ,
588 1266 701 1325 μόνῳ
741 1265 981 1318 πλεονάζειν
1016 1267 1196 1322 ὀφείλων
1226 1268 1284 1323 τῷ
1315 1266 1468 1322 πάθει,
1496 1270 1567 1310 καί
1591 1269 1708 1326 aufugi

263 1332 476 1389 α’ναλόγως
501 1337 551 1391 τῇ
585 1336 671 1375 κατ’
717 1329 844 1375 αὐτὸν
871 1333 1114 1389 προσωπικῇ
1142 1329 1340 1386 ποιότητι.
1395 1334 1471 1374 τοῦ
1498 1335 1605 1374 λαοῦ
1630 1335 1708 1387 μὲν

263 1402 344 1457 γάρ
378 1396 436 1442 ὢν
463 1401 555 1442 τίνα
590 1396 642 1441 ἄν
669 1397 759 1453 ἔχοι
788 1397 921 1452 ψόγον
949 1399 1009 1446 εἰς
1039 1397 1161 1453 κόρον
1190 1397 1520 1451 παθαινόμενος;
1548 1398 1627 1456 βίῳ
1657 1399 1705 1440 δὲ

267 1469 484 1520 α’νειμένος
510 1468 568 1523 τῷ
598 1465 704 1507 κατὰ
735 1467 912 1518 πνεῦμα,
956 1463 1027 1505 καί
1051 1463 1207 1516 μεταξύ
1231 1465 1304 1504 τοῦ
1336 1467 1504 1506 πενθεῖν
1532 1465 1603 1505 καί
1632 1465 1706 1505 τοῦ

263 1534 531 1590 εὐχαριστεῖν
558 1534 616 1591 τῷ
642 1533 845 1585 κρείττονι
876 1532 949 1571 οὐκ
977 1531 1240 1583 ἐπιτείχισμα
1260 1528 1442 1584 ε’ρυμνύν
1471 1528 1575 1570 α’λλὰ
1599 1528 1704 1583 χάος
1715 1546 1762 1579 20

260 1602 369 1656 μέγα
399 1600 590 1655 βλέπων,
630 1596 804 1655 φείδοιτ’
851 1593 903 1638 ἂν
943 1594 1132 1652 α’κριίτως
1160 1598 1397 1653 τραγῳδεῖν.
1466 1595 1486 1637 0‘
1515 1597 1552 1638 δ’
1575 1594 1704 1646 αὐτὸς

536 1764 587 1797 DE
613 1774 690 1798 TAM
715 1773 880 1797 ms'roau
912 1771 1179 1795 PRAEMTTRNDA
1203 1770 1431 1800 msomsl‘rto.

358 1850 645 1896 Expugnationes
672 1848 811 1882 urbium
835 1848 907 1881 sive
944 1847 1081 1893 priscae
1109 1847 1180 1880 sive
1208 1847 1356 1880 recentis
1379 1845 1568 1879 memoriae
1594 1857 1702 1892 quum

263 1904 465 1939 narrantur,
491 1897 690 1931 rationibus
719 1900 914 1929 tractantur
931 1895 1142 1940 plerumque
1162 1894 1299 1926 iisdem.
1327 1905 1444 1939 neque
1467 1898 1585 1927 autem
1611 1905 1703 1939 quae

263 1947 383 1980 locum
410 1945 545 1978 liabent
586 1944 752 1983 rationes,
779 1943 929 1987 scriptor
963 1941 1160 1974 necessario
1186 1946 1328 1974 cunctas
1365 1945 1546 1986 sequetur,
1571 1951 1638 1973 nec
1664 1940 1703 1973 in

263 1999 419 2039 utroque
445 2003 573 2037 genere
600 1991 706 2023 utiles
734 1990 809 2035 pari
839 1988 1025 2033 usurpabit
1058 1986 1175 2021 modo.
1225 1987 1286 2020 sed
1316 1999 1423 2033 quum
1450 1999 1503 2020 res
1530 1987 1615 2019 olim
1641 1997 1703 2030 ge-

264 2045 335 2073 stas
359 2046 477 2073 narrat
501 2044 538 2072 et
567 2037 660 2071 liber
687 2037 731 2069 ab
759 2039 885 2069 affectu
923 2036 1030 2068 animi
1056 2035 1314 2068 vehementiori
1341 2034 1474 2074 scribit,
1499 2045 1619 2067 causas
1645 2045 1702 2066 re-

263 2099 340 2120 rum
366 2098 461 2120 nune
483 2085 620 2118 divinas
643 2083 867 2124 scrutabitur,
896 2094 990 2115 nunc
1015 2082 1157 2127 copiose
1186 2081 1378 2128 explicabit
1403 2081 1595 2122 naturales,
1623 2091 1704 2114 nar·-

264 2134 511 2178 rationemque
537 2131 581 2163 ad
616 2132 826 2164 suavitatem
864 2129 1006 2162 ornabit
1043 2129 1224 2168 studiose,
1265 2127 1562 2172 descriptionibus
1603 2128 1704 2161 loco-

264 2193 339 2213 rum
379 2179 605 2223 indulgebit,
647 2178 908 2222 gloriosiusque
936 2188 972 2208 se
1008 2175 1152 2208 iactabit
1178 2175 1215 2208 in
1251 2174 1556 2218 degressionibus,
1594 2181 1702 2217 atque

265 2228 435 2268 omnino,
477 2230 601 2270 utpote
640 2237 660 2257 a
700 2236 736 2257 se
775 2224 892 2256 aliena
931 2234 1094 2263 narrans,
1135 2223 1245 2254 multa
1287 2222 1330 2254 ad
1371 2223 1517 2265 gratiam
1552 2221 1702 2255 audien-

264 2276 354 2308 tium
386 2272 646 2312 conformabit,
685 2282 751 2304 nec
773 2281 856 2303 vero
882 2269 1063 2310 reticebit,
1102 2279 1163 2300 sua
1192 2280 1274 2302 usus
1300 2268 1481 2301 divinandi
1520 2264 1702 2309 facultate,

264 2333 357 2367 quae
389 2319 590 2367 probabilia
636 2318 703 2363 ipsi
743 2317 930 2358 videntur,
962 2316 1128 2362 quoniam
1167 2327 1240 2348 non
1274 2316 1583 2357 interfuitmalis,
1611 2326 1703 2361 quae

263 2374 399 2409 narrat,
439 2377 506 2400 nec
531 2365 774 2399 vehementius
810 2365 883 2397 illis
908 2368 1158 2396 commovetur.
1207 2369 1316 2407 atque
1345 2363 1394 2395 ita
1435 2363 1578 2408 quidem
1615 2363 1704 2396 scri-

263 2416 396 2461 pserit,
434 2414 497 2460 qui
540 2418 736 2457 temporum
777 2412 933 2456 priorum
977 2410 1156 2443 historiam
1203 2410 1472 2453 consignaverit.
1541 2409 1603 2442 sed
1640 2409 1702 2454 qui

265 2473 350 2496 suae
384 2461 511 2495 aetatis
547 2459 729 2493 historiam
762 2458 885 2491 scribit
924 2463 960 2491 et
994 2458 1069 2502 ipsa
1113 2457 1242 2489 tinctus
1281 2462 1335 2489 est
1358 2456 1580 2498 calamitate,
1618 2467 1730 2500 pro--

264 2510 359 2542 fecto
402 2508 447 2541 ad
486 2507 605 2541 omnia
641 2507 710 2539 ista
742 2505 950 2538 devolvetur
982 2504 1204 2544 necessario,
1242 2503 1305 2535 sed
1345 2515 1417 2536 non
1457 2505 1553 2548 pari,
1593 2509 1703 2548 atque

264 2556 355 2597 ille,
392 2554 522 2595 modo,
549 2554 624 2587 sola
660 2557 801 2585 coactus
826 2552 935 2585 animi
971 2549 1185 2595 cupiditate,
1209 2550 1352 2583 modum
1386 2549 1567 2590 excedere,
1595 2548 1703 2594 idque

263 2603 358 2635 varie
385 2613 450 2648 pro
474 2601 570 2636 varia
593 2601 686 2634 vitae
719 2600 884 2632 statione.
943 2609 1021 2631 narn
1061 2597 1090 2629 si
1126 2609 1145 2630 e
1179 2597 1276 2630 laicis
1308 2599 1373 2636 sit,
1399 2596 1486 2642 quid
1510 2595 1702 2641 reprehen-

265 2649 392 2690 datur,
430 2649 459 2682 si
502 2648 548 2681 ad
570 2648 771 2680 satietatem
809 2644 1065 2678 excanduerit?
1112 2644 1149 2676 in
1183 2645 1253 2676 vita
1282 2650 1398 2677 autem
1426 2643 1598 2690 spirituali
1625 2642 1700 2675 coi-

265 2697 426 2737 locatus,
458 2701 567 2742 atque
602 2694 735 2728 luctum
774 2698 810 2726 et
847 2703 926 2737 erga
960 2691 1064 2725 deum
1090 2690 1232 2736 gratiam
1266 2701 1339 2724 non
1366 2690 1461 2726 vallo
1489 2690 1613 2730 firmo,
1638 2688 1701 2722 sed
