1806 3158
589 184 1074 227 CHRONOGRAPHIA.
1471 180 1528 225 21

107 287 182 341 α’φ·
213 279 264 325 οὗ
288 285 334 327 τό
366 286 449 327 τῶν
472 284 742 339 Ἰσμαηλιτῶν
768 285 902 337 γένος,
931 283 970 326 οῖ
1000 285 1046 326 δὲ
1084 282 1210 325 αὐτοὶ
1232 283 1469 340 Ἀγαρηνοί,
1499 282 1537 325 οὶ

109 350 181 393 καί
206 349 440 406 Σαρακηνοί
477 347 737 402 καλούμενοι.
805 349 908 390 κατὰ
947 352 1091 392 τοῦτον
1124 348 1144 392 ὅ
1172 348 1270 399 θεὸς
1296 348 1368 392 τὸν
1395 348 1540 404 καιρὸν

106 419 191 472 πῦρ
220 415 323 459 κατὰ
352 418 423 470 τῆς
441 412 741 463 Πεντανιόλεως
766 414 929 471 ὖετίζει,
958 416 1030 458 καί
1054 417 1267 458 ἀναλίσκει
1289 417 1366 468 μὲν
1391 416 1436 467 ἐξ
1461 414 1540 456 av’-

108 485 180 537 τῆς
210 479 324 525 ἅπαν
352 480 397 524 τὸ
425 482 541 535 γένος
566 481 648 522 τῶν
686 480 943 536 ἀνθρώπων,
982 483 1224 538 διαφθείρει
1261 481 1308 523 δὲ
1335 483 1408 523 καὶ
1435 479 1538 522 αὐτὸ

77 548 191 591 5ιὶπὸ
222 551 296 603 τῆς
322 550 397 603 γῆς
419 546 464 589 τὸ
496 545 723 600 α’νάστημα,
759 549 830 588 καὶ
855 549 925 601 τῆς
949 549 1215 603 προκειμένης
1241 545 1456 602 θαλάσσης
1474 560 1543 588 νε-

110 616 284 669 κροῦται
311 611 360 656 τοὶ
389 604 538 655 ὕδατα.
603 612 726 668 ὀλίγῳ
773 614 818 654 δὲ
855 610 1030 668 ὕστερον
1058 612 1139 655 οἷπὸ
1178 615 1251 667 τῆς
1274 611 1376 655 κατὰ
1409 615 1542 665 Μαμ·

109 679 216 735 βρὴν
241 679 368 734 δρυὸς
410 678 673 732 μεταναστὰς
702 678 723 719 ὅ
752 677 954 734 Ἀβραάμ
990 680 1061 721 έπί
1091 677 1135 721 τὸ
1168 681 1302 735 φρέαρ
1336 693 1545 733 κατασκη..

108 750 179 788 νοΐ
198 746 275 788 τοῦ
301 741 455 799 ὅρκου,
483 742 617 802 ἑαυτῷ
646 759 688 786 τε
730 745 815 802 ἰδίᾳ
854 743 927 786 καὶ
954 750 1040 794 τοῖς
1075 746 1251 794 οἰκέταις
1281 740 1412 786 αὐτοῦ’
1439 741 1544 785 κατὰ

109 813 347 867 συγγενείας
372 808 600 866 πηξάμενος
618 810 784 864 σκηνάς.
814 811 906 853 τότε
933 812 1094 864 πρῶτον
1121 810 1322 865 Ἀβραὰμ
1346 812 1418 865 τῆς
1444 825 1546 864 σκη-

57 887 99 922 10
111 875 307 933 νοπηγίας
334 877 405 933 ἐφ’
434 874 535 918 ἑπτὰ
565 874 740 931 ἡμέραις
767 879 951 918 ἐπιτελεῖ·
971 875 1048 932 την
1062 874 1218 931 ἑορτήν,
1246 875 1297 931 ἢν
1319 878 1452 918 ἐἰσέτι
1478 875 1550 918 καί

108 945 184 985 viv
220 941 240 984 ὅ
276 941 443 998 Ἰσραὴλ
485 940 670 996 ἑορτάζει
708 945 982 998 σκηνοπηγαῖν.
1048 943 1297 985 εἰκοσιπέντε
1337 944 1441 985 ἑτῶν
1479 937 1543 997 ἦν,

109 1010 265 1066 φησίν,
312 1007 336 1052 ὃ
362 1009 527 1063 Ἰσαάκ,
567 1006 635 1050 ὅτε
661 1007 767 1062 πρὸς
808 1010 965 1051 θυσίαν
997 1009 1177 1064 ἀνήχθη.
1234 1009 1293 1058 εἰς
1322 1010 1473 1050 ἐκεῖνον
1500 1009 1547 1050 δὲ

109 1073 180 1118 τὸν
207 1075 332 1118 τόπον
355 1074 399 1118 τὸ
430 1074 733 1129 θυσιαστήριον
757 1073 1021 1132 ᾠκοδόμησεν
1041 1070 1260 1131 Ἀβραάμ,
1289 1072 1392 1116 ἔνθα
1422 1070 1546 1116 ὕστε-

107 1157 180 1196 ρον
207 1143 348 1184 Δαυίδ
375 1140 422 1184 τό
450 1139 563 1195 ἱερὸν
586 1138 802 1195 ἱδρύσατο.

57 1208 120 1253 15’
217 1206 354 1249 Ἰσαὰκ
382 1209 429 1249 δὲ
459 1206 669 1260 γενόμενος
708 1209 812 1249 &nav
854 1204 1046 1262 ἑξήκοντα
1072 1209 1194 1264 γεννᾷ
1218 1204 1288 1249 τὸν
1308 1205 1448 1248 Ἡσαῦ
1475 1207 1548 1246 καί

108 1271 186 1315 τὸν
204 1273 362 1327 Ἰακώβ.
414 1270 716 1329 ἑβδομηκοστὸν
742 1274 811 1315 καί
835 1275 1017 1326 πέμπτον
1041 1269 1153 1327 ιῖγων
1181 1270 1271 1321 ἔτος
1298 1270 1442 1328 φεύγει
1469 1273 1548 1324 μὲν

101 1339 243 1382 Ἡσαῦ
270 1337 340 1381 τὸν
364 1338 550 1395 οἷδελφὸν
579 1338 723 1394 αὐτοῦ,
750 1341 928 1396 καταντᾷ
959 1341 1004 1382 δὲ
1032 1339 1138 1393 πρὸς
1153 1338 1310 1391 Λάβαν
1337 1340 1395 1386 εἰς
1423 1339 1547 1389 Χαρ-

109 1404 190 1458 ρὰν
229 1407 300 1457 τῆς
330 1406 681 1455 Μεσοποταμίας·
747 1403 928 1459 α’δελφὸς
957 1406 1003 1445 δὲ
1045 1401 1096 1459 ἦν
1128 1403 1150 1445 ὅ
1180 1404 1334 1456 Λάβαν
1360 1404 1434 1457 τῆς
1455 1402 1546 1444 ‘Ps-

112 1471 236 1521 βέκας
263 1471 335 1525 τῆς
359 1468 513 1524 μητρὸς
536 1467 693 1523 Ἰακώβ.
750 1469 897 1511 τούτου
919 1472 1032 1521 νέμει
1058 1467 1109 1510 πὶ
1136 1468 1324 1523 πρόβατα
1343 1470 1411 1524 ἐφ’
1439 1465 1548 1517 ὅλοις

55 1543 100 1578 20
113 1534 246 1577 ἔτεσιν
276 1534 403 1577 εἴκοσι
421 1569 431 1589 ,
468 1537 750 1588 δεκατέσσαρα
778 1536 856 1587 μὲν
884 1537 998 1577 Λίαν
1021 1535 1161 1587 λαβών
1189 1538 1259 1576 καί
1282 1532 1440 1589 Ῥαχὴλ
1472 1532 1548 1582 τοὶς

111 1602 183 1644 τοῦ
211 1599 365 1653 Λάβαν
395 1602 623 1655 θυγατέρας
667 1598 770 1652 πρὸς
799 1599 945 1654 γάμον,
975 1599 1044 1642 ἐπὶ
1074 1602 1119 1641 δὲ
1146 1605 1230 1648 τοῖς
1257 1597 1300 1650 ’ἐξ
1327 1597 1450 1654 ῥητὸν
1475 1614 1546 1652 με·

110 1666 213 1708 σθόν
254 1665 527 1722 ποιησάμενος
576 1664 813 1721 σύμφωνον.
880 1665 1089 1719 ὑστέρωθι
1119 1667 1166 1707 δὲ
1192 1666 1403 1719 κομίζεται
1431 1663 1543 1717 παρὰ

110 1735 188 1774 τῶν
213 1733 417 1787 γυναικῶν
444 1731 614 1775 Βάλλαν
640 1734 713 1774 καί
738 1733 907 1787 Δελφᾶν
934 1731 1008 1780 τὰς
1034 1733 1271 1785 παιδίσκας,
1299 1732 1372 1773 καί
1397 1731 1544 1772 παιδο-

206 1856 256 1890 10.
284 1853 327 1899 ἣν
350 1867 406 1889 om
434 1856 460 1890 C
579 1855 631 1890 16.
653 1855 795 1902 Ἰακώβ]
820 1854 958 1900 Ἰακώβ.
981 1852 1128 1901 Ἰακώβῐ).
1231 1855 1288 1889 21.
1314 1852 1404 1902 τοῖς]
1430 1853 1491 1898 τῆς
1514 1854 1541 1888 C

112 1983 246 2012 cuntur.
294 1979 358 2012 illo
380 1984 539 2024 tempore
564 1978 650 2012 deus
677 1980 790 2023 iguem
820 1981 855 2012 in
881 1979 1094 2025 Pentopolin
1120 1979 1251 2012 deiecit
1278 1983 1314 2011 et
1337 1983 1451 2011 totum
1476 1979 1543 2011 ho-

111 2027 244 2058 miuum
271 2037 380 2070 genus
416 2026 500 2060 inde
534 2027 704 2059 exstinxit
721 2051 729 2067 ,
756 2026 889 2060 delevit
913 2027 1031 2067 etiam,
1059 2037 1151 2071 quae
1178 2037 1196 2058 e
1221 2031 1313 2058 terra
1339 2025 1539 2068 surgebant,

111 2077 149 2105 et
173 2072 270 2106 lacus
303 2074 401 2106 illius
429 2084 520 2119 aqua
547 2079 705 2107 emortua
731 2079 794 2106 est.
843 2073 949 2117 paulo
967 2077 1049 2118 post
1072 2073 1219 2106 Abraam
1244 2083 1262 2104 a
1286 2083 1428 2117 quercu,
1454 2083 1544 2117 quae

110 2119 181 2152 fuit
204 2120 295 2153 circa
319 2120 501 2154 Mambren
526 2121 687 2165 migravit
711 2125 748 2153 et
771 2119 815 2153 ad
840 2120 974 2153 fontem
998 2120 1186 2152 iuramenti
1211 2117 1430 2151 domicilium
1456 2130 1544 2153 con-

110 2166 237 2208 stituit,
262 2166 330 2200 sibi
365 2168 433 2212 ipsi
468 2172 506 2201 et
538 2167 769 2201 familiaribus
814 2166 1004 2200 secuudum
1041 2167 1286 2211 cognationem
1313 2176 1409 2198 casas
1433 2167 1546 2199 confi-

110 2213 226 2255 cieus;
264 2219 339 2247 tum
376 2215 508 2259 primus
541 2215 688 2247 Abraam
728 2214 1012 2246 umbraculorum
1048 2213 1175 2247 festum
1206 2223 1270 2257 per
1303 2212 1322 2246 7
1347 2212 1423 2246 dies
1449 2214 1545 2246 cele-

110 2259 244 2300 bravit,
284 2261 382 2306 quod
417 2265 618 2294 etiamnunc
650 2262 831 2294 Israelitae
858 2260 1048 2293 celebrant.
1113 2263 1209 2293 Isaac
1232 2260 1277 2294 25
1302 2270 1413 2292 annos
1439 2265 1544 2292 natus

110 2311 205 2346 erat,
229 2318 336 2352 quum
362 2314 536 2353 tamquam
563 2309 770 2342 sacrificium
810 2310 1010 2350 Oilei-retum
1043 2307 1218 2340 exstruxit
1252 2311 1370 2340 autem
1393 2306 1542 2340 Abi-anm

111 2351 237 2386 eodem
262 2353 341 2387 loco
367 2355 489 2396 altare,
515 2367 585 2400 quo
610 2361 731 2400 postea
757 2354 870 2388 David
894 2354 1064 2399 templum
1091 2353 1302 2387 aedificavit.

206 2400 301 2433 Isaac
323 2401 368 2435 60
392 2412 503 2435 annos
531 2407 633 2435 natus
661 2403 781 2446 genuit
801 2403 946 2434 Esavum
987 2407 1024 2434 et
1047 2401 1232 2443 lacobum3
1268 2410 1448 2446 quumque
1475 2409 1540 2431 an-

111 2458 194 2479 num
213 2453 332 2489 ageret
357 2449 413 2488 75,
438 2449 562 2491 effugit
586 2449 733 2482 Esavum
761 2449 901 2481 fratrem
914 2447 1060 2481 Iacobus
1084 2454 1120 2481 et
1139 2447 1312 2487 Chartam,
1337 2447 1540 2490 Mesopota-

109 2494 202 2527 miae
231 2493 351 2526 urbem
382 2506 418 2528 se
443 2496 597 2528 contulit
613 2495 658 2528 ad
684 2494 815 2535 haban,
842 2495 1043 2535 Rebeccae,
1080 2494 1197 2528 Iacobi
1222 2494 1362 2534 matris,
1387 2493 1542 2526 fratrem.

112 2541 188 2573 ei'us
217 2550 335 2582 greges
361 2552 424 2585 per
448 2547 540 2575 totos
568 2542 613 2575 20
639 2554 749 2575 annos
776 2542 890 2588 pavit3
916 2546 995 2586 post
1018 2541 1061 2574 14
1086 2553 1196 2574 annos
1217 2542 1312 2575 Liam
1340 2545 1376 2572 et
1398 2538 1541 2578 Rachel,

110 2587 230 2619 Laban
258 2586 361 2626 filias,
386 2589 522 2633 accepit
550 2589 585 2621 in
610 2590 870 2622 matrimonium
897 2594 933 2621 et
956 2593 1036 2632 post
1053 2588 1075 2622 6
1098 2589 1244 2633 insuper
1269 2597 1378 2619 annos
1404 2591 1541 2629 pactam

110 2632 305 2666 mercedem
324 2635 461 2666 meruit.
488 2640 610 2678 postea
630 2636 675 2668 ab
702 2635 871 2668 uxoribus
894 2635 1028 2668 Ballam
1053 2639 1089 2667 et
1114 2634 1284 2679 Delpham
1311 2632 1458 2665 ancillas
1483 2643 1542 2664 ac-

111 2681 204 2724 cepit
240 2684 348 2724 atque
378 2690 419 2712 ex
457 2679 510 2712 his
536 2680 559 2712 4
595 2682 799 2715 mulieribus
839 2683 939 2716 annis
977 2681 1038 2720 14,
1084 2693 1172 2726 quos
1210 2681 1246 2713 in
1284 2678 1541 2724 Mesopotamia

110 2732 192 2773 post
214 2726 347 2773 primos
377 2726 395 2759 7
426 2727 629 2761 versabatur
653 2729 745 2762 filios
774 2729 970 2774 procreavit
991 2728 1031 2762 11
1058 2729 1240 2773 filiamque
1255 2738 1384 2770 unam5
1409 2737 1452 2760 ex
1477 2725 1540 2760 Lia
