<?xml version="1.0" encoding="UTF-8"?>
<!DOCTYPE html PUBLIC "-//W3C//DTD XHTML 1.0 Transitional//EN"
    "http://www.w3.org/TR/xhtml1/DTD/xhtml1-transitional.dtd">
<html xmlns="http://www.w3.org/1999/xhtml" xml:lang="en" lang="en">
 <head>
  <title>
</title>
<meta http-equiv="Content-Type" content="text/html;charset=utf-8" />
  <meta name='ocr-system' content='tesseract 3.04.00' />
  <meta name='ocr-capabilities' content='ocr_page ocr_carea ocr_par ocr_line ocrx_word'/>
</head>
<body>
  <div class='ocr_page' id='page_1' title='image "./corpusscriptorum34niebuoft/corpusscriptorum34niebuoft_0155.png"; bbox 0 0 1838 3132; ppageno 0'>
   <div class='ocr_carea' id='block_1_1' title="bbox 618 107 1586 158">
    <p class='ocr_par' dir='ltr' id='par_1_1' title="bbox 618 107 1586 158">
     <span class='ocr_line' id='line_1_1' title="bbox 618 107 1586 158; baseline -0.001 0"><span class='ocrx_word' id='word_1_1' title='bbox 618 114 925 158; x_wconf 78' lang='lat' dir='ltr'>CHRONOGR</span> <span class='ocrx_word' id='word_1_2' title='bbox 931 113 1111 157; x_wconf 71' lang='lat' dir='ltr'>Apum.</span> <span class='ocrx_word' id='word_1_3' title='bbox 1493 114 1512 156; x_wconf 81' lang='lat'>1</span> <span class='ocrx_word' id='word_1_4' title='bbox 1523 107 1586 157; x_wconf 71' lang='lat'>43</span> 
     </span>
    </p>
   </div>
   <div class='ocr_carea' id='block_1_2' title="bbox 96 213 1589 735">
    <p class='ocr_par' dir='ltr' id='par_1_2' title="bbox 96 213 1589 735">
     <span class='ocr_line' id='line_1_2' title="bbox 129 213 1588 268; baseline -0.005 -6"><span class='ocrx_word' id='word_1_5' title='bbox 129 220 279 262; x_wconf 79' lang='grc' dir='ltr'><em>σι’λεια.</em></span> <span class='ocrx_word' id='word_1_6' title='bbox 356 216 428 267; x_wconf 69' lang='grc' dir='ltr'>τὸν</span> <span class='ocrx_word' id='word_1_7' title='bbox 471 217 518 257; x_wconf 78' lang='grc' dir='ltr'>δὲ</span> <span class='ocrx_word' id='word_1_8' title='bbox 543 213 637 257; x_wconf 82' lang='grc' dir='ltr'><em>υἱὸν</em></span> <span class='ocrx_word' id='word_1_9' title='bbox 665 216 798 256; x_wconf 59' lang='grc' dir='ltr'><em>αὐτοῦ</em></span> <span class='ocrx_word' id='word_1_10' title='bbox 827 214 1054 268; x_wconf 77' lang='grc' dir='ltr'><em>Θεοδόσιον</em></span> <span class='ocrx_word' id='word_1_11' title='bbox 1096 213 1316 256; x_wconf 71' lang='grc' dir='ltr'><em>ἀπέστειλε</em></span> <span class='ocrx_word' id='word_1_12' title='bbox 1345 215 1588 268; x_wconf 74' lang='grc' dir='ltr'><em>Μανρίκιος</em></span> 
     </span>
     <span class='ocr_line' id='line_1_3' title="bbox 128 279 1589 340; baseline -0.002 -14"><span class='ocrx_word' id='word_1_13' title='bbox 128 285 230 340; x_wconf 84' lang='grc' dir='ltr'><em>πρὸς</em></span> <span class='ocrx_word' id='word_1_14' title='bbox 258 281 451 339; x_wconf 86' lang='grc' dir='ltr'><em>Χοσρόην</em></span> <span class='ocrx_word' id='word_1_15' title='bbox 479 281 546 324; x_wconf 79' lang='grc' dir='ltr'>τὸν</span> <span class='ocrx_word' id='word_1_16' title='bbox 573 283 751 334; x_wconf 78' lang='grc' dir='ltr'><strong><em>βασιλέα</em></strong></span> <span class='ocrx_word' id='word_1_17' title='bbox 786 284 981 336; x_wconf 77' lang='grc' dir='ltr'><em>Περσῶν,</em></span> <span class='ocrx_word' id='word_1_18' title='bbox 1010 279 1117 333; x_wconf 77' lang='grc' dir='ltr'><em>μετὰ</em></span> <span class='ocrx_word' id='word_1_19' title='bbox 1141 279 1405 335; x_wconf 77' lang='grc' dir='ltr'><em>γραμμάτων</em></span> <span class='ocrx_word' id='word_1_20' title='bbox 1435 281 1589 334; x_wconf 82' lang='grc' dir='ltr'><em>α’ναμι-</em></span> 
     </span>
     <span class='ocr_line' id='line_1_4' title="bbox 126 343 1589 405; baseline -0.001 -14"><span class='ocrx_word' id='word_1_21' title='bbox 126 350 398 405; x_wconf 78' lang='grc' dir='ltr'><em>μνησκόντων</em></span> <span class='ocrx_word' id='word_1_22' title='bbox 424 347 500 397; x_wconf 78' lang='grc' dir='ltr'>τοὶς</span> <span class='ocrx_word' id='word_1_23' title='bbox 525 350 587 397; x_wconf 80' lang='grc' dir='ltr'><em>εἰς</em></span> <span class='ocrx_word' id='word_1_24' title='bbox 619 343 749 390; x_wconf 77' lang='grc' dir='ltr'><em>αὖτὸν</em></span> <span class='ocrx_word' id='word_1_25' title='bbox 775 347 1044 402; x_wconf 73' lang='grc' dir='ltr'><em>εὐεργεσίας,</em></span> <span class='ocrx_word' id='word_1_26' title='bbox 1078 346 1153 388; x_wconf 82' lang='grc' dir='ltr'>καί</span> <span class='ocrx_word' id='word_1_27' title='bbox 1182 344 1240 394; x_wconf 77' lang='grc' dir='ltr'>ὥς</span> <span class='ocrx_word' id='word_1_28' title='bbox 1270 348 1323 388; x_wconf 81' lang='grc' dir='ltr'>δι’</span> <span class='ocrx_word' id='word_1_29' title='bbox 1352 346 1486 389; x_wconf 64' lang='grc' dir='ltr'><em>αὐτοῦ</em></span> <span class='ocrx_word' id='word_1_30' title='bbox 1513 347 1589 401; x_wconf 71' lang='grc' dir='ltr'>τήν</span> 
     </span>
     <span class='ocr_line' id='line_1_5' title="bbox 126 408 1588 468; baseline -0.001 -12"><span class='ocrx_word' id='word_1_31' title='bbox 126 413 349 468; x_wconf 66' lang='grc' dir='ltr'><em>βασιλείαν</em></span> <span class='ocrx_word' id='word_1_32' title='bbox 381 415 564 468; x_wconf 78' lang='grc' dir='ltr'><em>Περσῶν</em></span> <span class='ocrx_word' id='word_1_33' title='bbox 604 410 926 468; x_wconf 83' lang='grc' dir='ltr'><em>κατεκράτησεν.</em></span> <span class='ocrx_word' id='word_1_34' title='bbox 999 411 1135 454; x_wconf 79' lang='grc' dir='ltr'><em>ἔκτοτε</em></span> <span class='ocrx_word' id='word_1_35' title='bbox 1158 408 1294 462; x_wconf 71' lang='grc' dir='ltr'><em>οὐδεὶς</em></span> <span class='ocrx_word' id='word_1_36' title='bbox 1322 410 1427 466; x_wconf 80' lang='grc' dir='ltr'><em>ἔγνω</em></span> <span class='ocrx_word' id='word_1_37' title='bbox 1453 414 1498 454; x_wconf 83' lang='grc' dir='ltr'>τί</span> <span class='ocrx_word' id='word_1_38' title='bbox 1519 415 1588 466; x_wconf 77' lang='grc' dir='ltr'>γέ-</span> 
     </span>
     <span class='ocr_line' id='line_1_6' title="bbox 96 476 1589 536; baseline -0.001 -14"><span class='ocrx_word' id='word_1_39' title='bbox 96 493 253 536; x_wconf 80' lang='grc' dir='ltr'><em>5γονεν</em></span> <span class='ocrx_word' id='word_1_40' title='bbox 278 480 300 523; x_wconf 83' lang='grc' dir='ltr'><em>ὃ</em></span> <span class='ocrx_word' id='word_1_41' title='bbox 329 481 461 529; x_wconf 70' lang='grc' dir='ltr'><em>αὐτὸς</em></span> <span class='ocrx_word' id='word_1_42' title='bbox 492 476 732 527; x_wconf 81' lang='grc' dir='ltr'><em>Θεοδόσιος.</em></span> <span class='ocrx_word' id='word_1_43' title='bbox 804 477 878 533; x_wconf 76' lang='grc' dir='ltr'>την</span> <span class='ocrx_word' id='word_1_44' title='bbox 914 480 960 521; x_wconf 78' lang='grc' dir='ltr'>δὲ</span> <span class='ocrx_word' id='word_1_45' title='bbox 995 481 1064 533; x_wconf 69' lang='grc' dir='ltr'>τῆς</span> <span class='ocrx_word' id='word_1_46' title='bbox 1103 479 1421 534; x_wconf 75' lang='grc' dir='ltr'>ἀρχιερωσύνης</span> <span class='ocrx_word' id='word_1_47' title='bbox 1449 477 1589 533; x_wconf 77' lang='grc' dir='ltr'><em>α’ρχην</em></span> 
     </span>
     <span class='ocr_line' id='line_1_7' title="bbox 129 544 1586 600; baseline -0.002 -11"><span class='ocrx_word' id='word_1_48' title='bbox 129 550 289 590; x_wconf 75' lang='grc' dir='ltr'><em>διεῖπεν</em></span> <span class='ocrx_word' id='word_1_49' title='bbox 313 547 514 600; x_wconf 79' lang='grc' dir='ltr'><em>Ἰωάννης.</em></span> <span class='ocrx_word' id='word_1_50' title='bbox 571 545 766 599; x_wconf 86' lang='grc' dir='ltr'><em>Χοσρόης</em></span> <span class='ocrx_word' id='word_1_51' title='bbox 796 546 842 586; x_wconf 80' lang='grc' dir='ltr'>δὲ</span> <span class='ocrx_word' id='word_1_52' title='bbox 871 544 942 599; x_wconf 76' lang='grc' dir='ltr'>την</span> <span class='ocrx_word' id='word_1_53' title='bbox 970 547 1051 587; x_wconf 79' lang='grc' dir='ltr'>τῶν</span> <span class='ocrx_word' id='word_1_54' title='bbox 1067 547 1255 600; x_wconf 76' lang='grc' dir='ltr'><em>Περσῶν</em></span> <span class='ocrx_word' id='word_1_55' title='bbox 1283 545 1490 599; x_wconf 73' lang='grc' dir='ltr'><em>ἀθροίσας</em></span> <span class='ocrx_word' id='word_1_56' title='bbox 1511 546 1586 587; x_wconf 77' lang='lat' dir='ltr'>d&#39;v&#39;-</span> 
     </span>
     <span class='ocr_line' id='line_1_8' title="bbox 128 610 1587 667; baseline -0.002 -11"><span class='ocrx_word' id='word_1_57' title='bbox 128 629 252 667; x_wconf 84' lang='grc' dir='ltr'><em>ναμιν</em></span> <span class='ocrx_word' id='word_1_58' title='bbox 281 611 384 655; x_wconf 70' lang='grc' dir='ltr'><em>κατὰ</em></span> <span class='ocrx_word' id='word_1_59' title='bbox 408 612 634 665; x_wconf 76' lang='grc' dir='ltr'><em>Ῥωμαίων</em></span> <span class='ocrx_word' id='word_1_60' title='bbox 656 610 872 666; x_wconf 78' lang='grc' dir='ltr'><em>ἐχώρησεν</em></span> <span class='ocrx_word' id='word_1_61' title='bbox 889 613 960 654; x_wconf 72' lang='grc' dir='ltr'>ἐπὶ</span> <span class='ocrx_word' id='word_1_62' title='bbox 982 614 1128 666; x_wconf 66' lang='lat' dir='ltr'>(Daunii,</span> <span class='ocrx_word' id='word_1_63' title='bbox 1161 610 1233 654; x_wconf 80' lang='grc' dir='ltr'><em>καί</em></span> <span class='ocrx_word' id='word_1_64' title='bbox 1262 610 1419 662; x_wconf 83' lang='grc' dir='ltr'><em>πολλὰς</em></span> <span class='ocrx_word' id='word_1_65' title='bbox 1446 610 1587 660; x_wconf 76' lang='grc' dir='ltr'><em>πόλεις</em></span> 
     </span>
     <span class='ocr_line' id='line_1_9' title="bbox 127 674 997 735; baseline -0.002 -14"><span class='ocrx_word' id='word_1_66' title='bbox 127 681 201 723; x_wconf 72' lang='grc' dir='ltr'>καὶ</span> <span class='ocrx_word' id='word_1_67' title='bbox 222 679 368 735; x_wconf 76' lang='grc' dir='ltr'><em>χώρας</em></span> <span class='ocrx_word' id='word_1_68' title='bbox 394 680 476 722; x_wconf 76' lang='grc' dir='ltr'>τῶν</span> <span class='ocrx_word' id='word_1_69' title='bbox 495 674 720 731; x_wconf 74' lang='grc' dir='ltr'><em>Ῥωμαίων</em></span> <span class='ocrx_word' id='word_1_70' title='bbox 746 674 997 733; x_wconf 81' lang='grc' dir='ltr'><em>ἐπόρθησεν.</em></span> 
     </span>
    </p>
   </div>
   <div class='ocr_carea' id='block_1_3' title="bbox 647 797 1062 847">
    <p class='ocr_par' dir='ltr' id='par_1_3' title="bbox 647 797 1062 847">
     <span class='ocr_line' id='line_1_10' title="bbox 647 797 1062 847; baseline -0.005 -11"><span class='ocrx_word' id='word_1_71' title='bbox 647 797 764 836; x_wconf 73' lang='grc' dir='ltr'>Φωκᾶ</span> <span class='ocrx_word' id='word_1_72' title='bbox 770 813 788 840; x_wconf 85' lang='grc' dir='ltr'><em>ς</em></span> <span class='ocrx_word' id='word_1_73' title='bbox 820 798 840 835; x_wconf 82' lang='grc' dir='ltr'>ὁ</span> <span class='ocrx_word' id='word_1_74' title='bbox 868 800 1062 847; x_wconf 82' lang='grc' dir='ltr'><em>τύραννος.</em></span> 
     </span>
    </p>
   </div>
   <div class='ocr_carea' id='block_1_4' title="bbox 62 889 1588 1683">
    <p class='ocr_par' dir='ltr' id='par_1_4' title="bbox 71 889 1588 1214">
     <span class='ocr_line' id='line_1_11' title="bbox 71 889 1588 948; baseline -0.003 -10"><span class='ocrx_word' id='word_1_75' title='bbox 71 905 113 940; x_wconf 84' lang='grc'>10</span> <span class='ocrx_word' id='word_1_76' title='bbox 235 895 389 943; x_wconf 81' lang='grc' dir='ltr'><em>Φωκᾶς</em></span> <span class='ocrx_word' id='word_1_77' title='bbox 417 892 441 934; x_wconf 79' lang='grc' dir='ltr'><em>δ</em></span> <span class='ocrx_word' id='word_1_78' title='bbox 476 889 683 948; x_wconf 76' lang='grc' dir='ltr'><em>τύραννος</em></span> <span class='ocrx_word' id='word_1_79' title='bbox 730 892 1001 944; x_wconf 75' lang='grc' dir='ltr'><em>ἐβασίλευσεν</em></span> <span class='ocrx_word' id='word_1_80' title='bbox 1037 889 1108 947; x_wconf 79' lang='grc' dir='ltr'>ἔτη</span> <span class='ocrx_word' id='word_1_81' title='bbox 1157 890 1287 944; x_wconf 79' lang='grc' dir='ltr'><em>ὀκτώ,</em></span> <span class='ocrx_word' id='word_1_82' title='bbox 1326 893 1489 946; x_wconf 84' lang='grc' dir='ltr'><em>στέψας</em></span> <span class='ocrx_word' id='word_1_83' title='bbox 1515 892 1588 934; x_wconf 79' lang='grc' dir='ltr'><em>καί</em></span> 
     </span>
     <span class='ocr_line' id='line_1_12' title="bbox 125 952 1587 1014; baseline -0.002 -11"><span class='ocrx_word' id='word_1_84' title='bbox 125 958 299 1004; x_wconf 83' lang='grc' dir='ltr'><em>Λεοντὼ</em></span> <span class='ocrx_word' id='word_1_85' title='bbox 329 957 404 1014; x_wconf 74' lang='grc' dir='ltr'>τὴν</span> <span class='ocrx_word' id='word_1_86' title='bbox 434 964 615 1014; x_wconf 82' lang='grc' dir='ltr'><em>γυναῖκα</em></span> <span class='ocrx_word' id='word_1_87' title='bbox 645 956 780 999; x_wconf 70' lang='grc' dir='ltr'><em>αὐτοῦ</em></span> <span class='ocrx_word' id='word_1_88' title='bbox 809 958 869 1006; x_wconf 85' lang='grc' dir='ltr'><em>εἰς</em></span> <span class='ocrx_word' id='word_1_89' title='bbox 899 955 1166 1012; x_wconf 78' lang='grc' dir='ltr'><em>Αύγοόσταν.</em></span> <span class='ocrx_word' id='word_1_90' title='bbox 1226 952 1347 1006; x_wconf 76' lang='grc' dir='ltr'><em>οὗτος</em></span> <span class='ocrx_word' id='word_1_91' title='bbox 1376 957 1397 999; x_wconf 84' lang='grc' dir='ltr'>ὁ</span> <span class='ocrx_word' id='word_1_92' title='bbox 1432 961 1587 1007; x_wconf 79' lang='grc' dir='ltr'><em>Φωκᾶς</em></span> 
     </span>
     <span class='ocr_line' id='line_1_13' title="bbox 122 1022 1584 1082; baseline -0.001 -14"><span class='ocrx_word' id='word_1_93' title='bbox 122 1022 175 1082; x_wconf 80' lang='grc' dir='ltr'>ἧν</span> <span class='ocrx_word' id='word_1_94' title='bbox 203 1026 429 1080; x_wconf 76' lang='grc' dir='ltr'><em>κεντυρίων</em></span> <span class='ocrx_word' id='word_1_95' title='bbox 456 1027 507 1082; x_wconf 87' lang='grc' dir='ltr'>τῇ</span> <span class='ocrx_word' id='word_1_96' title='bbox 538 1023 674 1077; x_wconf 76' lang='grc' dir='ltr'><em>τάξει,</em></span> <span class='ocrx_word' id='word_1_97' title='bbox 715 1025 793 1078; x_wconf 80' lang='grc' dir='ltr'>την</span> <span class='ocrx_word' id='word_1_98' title='bbox 821 1026 898 1066; x_wconf 83' lang='grc' dir='ltr'>τοῦ</span> <span class='ocrx_word' id='word_1_99' title='bbox 926 1022 1120 1077; x_wconf 84' lang='grc' dir='ltr'><em>σώματος</em></span> <span class='ocrx_word' id='word_1_100' title='bbox 1158 1022 1404 1080; x_wconf 78' lang='grc' dir='ltr'><em>α’ναὸρομὴν</em></span> <span class='ocrx_word' id='word_1_101' title='bbox 1432 1026 1584 1078; x_wconf 88' lang='grc' dir='ltr'><em>μέσος,</em></span> 
     </span>
     <span class='ocr_line' id='line_1_14' title="bbox 123 1087 1585 1149; baseline -0.001 -15"><span class='ocrx_word' id='word_1_102' title='bbox 123 1093 393 1149; x_wconf 76' lang='grc' dir='ltr'><em>δύσμορφος,</em></span> <span class='ocrx_word' id='word_1_103' title='bbox 419 1091 693 1146; x_wconf 79' lang='grc' dir='ltr'><em>ἑκηληκτικῆν</em></span> <span class='ocrx_word' id='word_1_104' title='bbox 733 1089 845 1144; x_wconf 80' lang='grc' dir='ltr'><em>ἔχων</em></span> <span class='ocrx_word' id='word_1_105' title='bbox 867 1089 945 1145; x_wconf 76' lang='grc' dir='ltr'>τήν</span> <span class='ocrx_word' id='word_1_106' title='bbox 977 1087 1079 1144; x_wconf 76' lang='grc' dir='ltr'><em>ὄψιν</em></span> <span class='ocrx_word' id='word_1_107' title='bbox 1115 1089 1190 1133; x_wconf 78' lang='grc' dir='ltr'>καὶ</span> <span class='ocrx_word' id='word_1_108' title='bbox 1219 1090 1298 1146; x_wconf 81' lang='grc' dir='ltr'>τὴν</span> <span class='ocrx_word' id='word_1_109' title='bbox 1323 1093 1452 1145; x_wconf 76' lang='grc' dir='ltr'><em>τρίχα</em></span> <span class='ocrx_word' id='word_1_110' title='bbox 1479 1107 1585 1146; x_wconf 81' lang='grc' dir='ltr'><em>πνρ-</em></span> 
     </span>
     <span class='ocr_line' id='line_1_15' title="bbox 123 1155 1584 1214; baseline -0.001 -14"><span class='ocrx_word' id='word_1_111' title='bbox 123 1159 336 1213; x_wconf 82' lang='grc' dir='ltr'><em>ρίζουσαν,</em></span> <span class='ocrx_word' id='word_1_112' title='bbox 363 1157 579 1214; x_wconf 76' lang='grc' dir='ltr'><em>σόνοφρός</em></span> <span class='ocrx_word' id='word_1_113' title='bbox 609 1172 652 1199; x_wconf 79' lang='grc' dir='ltr'><em>τε</em></span> <span class='ocrx_word' id='word_1_114' title='bbox 681 1159 755 1198; x_wconf 82' lang='grc' dir='ltr'><em>καί</em></span> <span class='ocrx_word' id='word_1_115' title='bbox 783 1155 830 1199; x_wconf 85' lang='grc' dir='ltr'>τὸ</span> <span class='ocrx_word' id='word_1_116' title='bbox 851 1159 1006 1212; x_wconf 82' lang='grc' dir='ltr'><em>γένειον</em></span> <span class='ocrx_word' id='word_1_117' title='bbox 1033 1155 1289 1210; x_wconf 80' lang='grc' dir='ltr'><em>κειρόμενος,</em></span> <span class='ocrx_word' id='word_1_118' title='bbox 1317 1155 1426 1210; x_wconf 82' lang='grc' dir='ltr'><em>ἔχων</em></span> <span class='ocrx_word' id='word_1_119' title='bbox 1453 1157 1584 1211; x_wconf 81' lang='grc' dir='ltr'><em>ου’λὴν</em></span> 
     </span>
    </p>

    <p class='ocr_par' dir='ltr' id='par_1_5' title="bbox 66 1220 1582 1546">
     <span class='ocr_line' id='line_1_16' title="bbox 66 1220 1582 1282; baseline -0.003 -13"><span class='ocrx_word' id='word_1_120' title='bbox 66 1227 194 1270; x_wconf 80' lang='grc' dir='ltr'>15έπί</span> <span class='ocrx_word' id='word_1_121' title='bbox 220 1227 290 1280; x_wconf 83' lang='grc' dir='ltr'>τῆς</span> <span class='ocrx_word' id='word_1_122' title='bbox 321 1227 500 1280; x_wconf 80' lang='grc' dir='ltr'><em>παρειᾶς</em></span> <span class='ocrx_word' id='word_1_123' title='bbox 529 1223 678 1276; x_wconf 71' lang='grc' dir='ltr'><em>αὐτοῦ,</em></span> <span class='ocrx_word' id='word_1_124' title='bbox 707 1220 798 1278; x_wconf 77' lang='grc' dir='ltr'><em>ἥτις</em></span> <span class='ocrx_word' id='word_1_125' title='bbox 817 1225 861 1266; x_wconf 86' lang='grc' dir='ltr'>ἑν</span> <span class='ocrx_word' id='word_1_126' title='bbox 886 1225 947 1282; x_wconf 70' lang='grc' dir='ltr'>τῷ</span> <span class='ocrx_word' id='word_1_127' title='bbox 974 1225 1224 1276; x_wconf 79' lang='grc' dir='ltr'><em>θυμοῦσθαι</em></span> <span class='ocrx_word' id='word_1_128' title='bbox 1255 1222 1384 1266; x_wconf 76' lang='grc' dir='ltr'><em>αὐτὸν</em></span> <span class='ocrx_word' id='word_1_129' title='bbox 1411 1222 1582 1276; x_wconf 73' lang='grc' dir='ltr'><em>έμελαί·</em></span> 
     </span>
     <span class='ocr_line' id='line_1_17' title="bbox 120 1287 1579 1345; baseline -0.002 -11"><span class='ocrx_word' id='word_1_130' title='bbox 120 1307 224 1344; x_wconf 83' lang='grc' dir='ltr'><em>νετο,</em></span> <span class='ocrx_word' id='word_1_131' title='bbox 257 1289 501 1345; x_wconf 82' lang='grc' dir='ltr'><em>οἰνοβαρής,</em></span> <span class='ocrx_word' id='word_1_132' title='bbox 545 1287 785 1345; x_wconf 81' lang='grc' dir='ltr'><em>αἱμοχαρὴς</em></span> <span class='ocrx_word' id='word_1_133' title='bbox 824 1290 897 1331; x_wconf 81' lang='grc' dir='ltr'>καί</span> <span class='ocrx_word' id='word_1_134' title='bbox 942 1289 1048 1345; x_wconf 80' lang='grc' dir='ltr'><em>πρὸς</em></span> <span class='ocrx_word' id='word_1_135' title='bbox 1072 1295 1271 1343; x_wconf 83' lang='grc' dir='ltr'><em>γυναῖκας</em></span> <span class='ocrx_word' id='word_1_136' title='bbox 1312 1291 1579 1345; x_wconf 80' lang='grc' dir='ltr'><em>ἐπτοημένος,</em></span> 
     </span>
     <span class='ocr_line' id='line_1_18' title="bbox 121 1355 1580 1414; baseline -0.001 -15"><span class='ocrx_word' id='word_1_137' title='bbox 121 1356 302 1414; x_wconf 78' lang='grc' dir='ltr'><em>φοβερὸς</em></span> <span class='ocrx_word' id='word_1_138' title='bbox 340 1359 412 1399; x_wconf 80' lang='grc' dir='ltr'>καί</span> <span class='ocrx_word' id='word_1_139' title='bbox 441 1355 608 1411; x_wconf 74' lang='grc' dir='ltr'><em>θρασὺς</em></span> <span class='ocrx_word' id='word_1_140' title='bbox 653 1358 696 1398; x_wconf 84' lang='grc' dir='ltr'>ἐν</span> <span class='ocrx_word' id='word_1_141' title='bbox 724 1357 778 1413; x_wconf 82' lang='grc' dir='ltr'>τῷ</span> <span class='ocrx_word' id='word_1_142' title='bbox 806 1359 1083 1412; x_wconf 81' lang='grc' dir='ltr'><em>φθέγγεσθαι,</em></span> <span class='ocrx_word' id='word_1_143' title='bbox 1117 1355 1376 1411; x_wconf 76' lang='grc' dir='ltr'><em>α’συμπαθης</em></span> <span class='ocrx_word' id='word_1_144' title='bbox 1403 1356 1477 1398; x_wconf 81' lang='grc' dir='ltr'>καί</span> <span class='ocrx_word' id='word_1_145' title='bbox 1503 1359 1580 1412; x_wconf 90' lang='grc' dir='ltr'>θη-</span> 
     </span>
     <span class='ocr_line' id='line_1_19' title="bbox 120 1419 1578 1480; baseline -0.001 -16"><span class='ocrx_word' id='word_1_146' title='bbox 120 1425 276 1480; x_wconf 80' lang='grc' dir='ltr'><em>ριώδης</em></span> <span class='ocrx_word' id='word_1_147' title='bbox 300 1421 371 1466; x_wconf 87' lang='grc' dir='ltr'>τὸν</span> <span class='ocrx_word' id='word_1_148' title='bbox 410 1423 574 1478; x_wconf 83' lang='grc' dir='ltr'><em>τρόπον.</em></span> <span class='ocrx_word' id='word_1_149' title='bbox 629 1423 690 1471; x_wconf 87' lang='grc' dir='ltr'><em>εἰς</em></span> <span class='ocrx_word' id='word_1_150' title='bbox 723 1424 769 1464; x_wconf 75' lang='grc' dir='ltr'>δὲ</span> <span class='ocrx_word' id='word_1_151' title='bbox 798 1421 841 1465; x_wconf 81' lang='grc' dir='ltr'>τὸ</span> <span class='ocrx_word' id='word_1_152' title='bbox 871 1420 1038 1464; x_wconf 78' lang='grc' dir='ltr'><em>ἱππικὸν</em></span> <span class='ocrx_word' id='word_1_153' title='bbox 1082 1419 1345 1476; x_wconf 73' lang='grc' dir='ltr'><em>ἀνελθόντος,</em></span> <span class='ocrx_word' id='word_1_154' title='bbox 1376 1423 1450 1465; x_wconf 81' lang='grc' dir='ltr'>καί</span> <span class='ocrx_word' id='word_1_155' title='bbox 1475 1421 1578 1465; x_wconf 77' lang='grc' dir='ltr'><em>στά-</em></span> 
     </span>
     <span class='ocr_line' id='line_1_20' title="bbox 118 1486 1577 1546; baseline -0.001 -14"><span class='ocrx_word' id='word_1_156' title='bbox 118 1506 225 1539; x_wconf 85' lang='grc' dir='ltr'><em>σεως</em></span> <span class='ocrx_word' id='word_1_157' title='bbox 243 1492 462 1544; x_wconf 79' lang='grc' dir='ltr'><em>γενομένης</em></span> <span class='ocrx_word' id='word_1_158' title='bbox 478 1487 576 1544; x_wconf 76' lang='grc' dir='ltr'><em>περὶ</em></span> <span class='ocrx_word' id='word_1_159' title='bbox 602 1489 892 1544; x_wconf 77' lang='grc' dir='ltr'><em>προτιμήσεως</em></span> <span class='ocrx_word' id='word_1_160' title='bbox 912 1488 1043 1530; x_wconf 86' lang='grc' dir='ltr'><em>τόπου</em></span> <span class='ocrx_word' id='word_1_161' title='bbox 1067 1494 1155 1537; x_wconf 84' lang='grc' dir='ltr'><em>τοῖς</em></span> <span class='ocrx_word' id='word_1_162' title='bbox 1183 1491 1369 1544; x_wconf 83' lang='grc' dir='ltr'><em>μέρεσιν,</em></span> <span class='ocrx_word' id='word_1_163' title='bbox 1397 1486 1577 1546; x_wconf 77' lang='grc' dir='ltr'><em>ἔκραξαν</em></span> 
     </span>
    </p>

    <p class='ocr_par' dir='ltr' id='par_1_6' title="bbox 62 1552 1577 1683">
     <span class='ocr_line' id='line_1_21' title="bbox 62 1552 1577 1612; baseline -0.001 -15"><span class='ocrx_word' id='word_1_164' title='bbox 62 1569 108 1604; x_wconf 82' lang='lat'>20</span> <span class='ocrx_word' id='word_1_165' title='bbox 121 1555 159 1598; x_wconf 82' lang='grc' dir='ltr'>οἱ</span> <span class='ocrx_word' id='word_1_166' title='bbox 189 1557 315 1611; x_wconf 74' lang='grc' dir='ltr'><em>δῆμοι</em></span> <span class='ocrx_word' id='word_1_167' title='bbox 343 1558 615 1608; x_wconf 86' lang='grc' dir='ltr'><em>“Μαυρι’κιος</em></span> <span class='ocrx_word' id='word_1_168' title='bbox 648 1556 730 1612; x_wconf 82' lang='grc' dir='ltr'>ζῇ,·</span> <span class='ocrx_word' id='word_1_169' title='bbox 759 1552 835 1597; x_wconf 76' lang='grc' dir='ltr'>οὐκ</span> <span class='ocrx_word' id='word_1_170' title='bbox 880 1557 1114 1609; x_wconf 78' lang='grc' dir='ltr'><em>ἀπέθανεν,</em></span> <span class='ocrx_word' id='word_1_171' title='bbox 1141 1552 1431 1611; x_wconf 74' lang='grc' dir='ltr'><em>ἑρωτηθήτω.”</em></span> <span class='ocrx_word' id='word_1_172' title='bbox 1484 1555 1577 1598; x_wconf 84' lang='grc' dir='ltr'><em>τότε</em></span> 
     </span>
     <span class='ocr_line' id='line_1_22' title="bbox 120 1618 1576 1683; baseline 0.001 -20"><span class='ocrx_word' id='word_1_173' title='bbox 120 1621 141 1663; x_wconf 84' lang='grc' dir='ltr'>ὁ</span> <span class='ocrx_word' id='word_1_174' title='bbox 173 1621 368 1678; x_wconf 79' lang='grc' dir='ltr'><em>α’λάστωρ</em></span> <span class='ocrx_word' id='word_1_175' title='bbox 410 1626 581 1664; x_wconf 83' lang='grc' dir='ltr'><em>κινεῖται</em></span> <span class='ocrx_word' id='word_1_176' title='bbox 629 1621 733 1677; x_wconf 77' lang='grc' dir='ltr'><em>πρὸς</em></span> <span class='ocrx_word' id='word_1_177' title='bbox 771 1621 845 1664; x_wconf 82' lang='grc' dir='ltr'>τὸν</span> <span class='ocrx_word' id='word_1_178' title='bbox 881 1621 1015 1679; x_wconf 82' lang='grc' dir='ltr'><em>φόνον</em></span> <span class='ocrx_word' id='word_1_179' title='bbox 1056 1623 1332 1683; x_wconf 66' lang='grc' dir='ltr'><em>Μαυρικίου,</em></span> <span class='ocrx_word' id='word_1_180' title='bbox 1360 1624 1434 1664; x_wconf 82' lang='grc' dir='ltr'>καί</span> <span class='ocrx_word' id='word_1_181' title='bbox 1459 1618 1576 1678; x_wconf 79' lang='grc' dir='ltr'><em>ἤχθη</em></span> 
     </span>
    </p>
   </div>
   <div class='ocr_carea' id='block_1_5' title="bbox 117 1801 1575 2086">
    <p class='ocr_par' dir='ltr' id='par_1_7' title="bbox 117 1801 1575 2086">
     <span class='ocr_line' id='line_1_23' title="bbox 120 1801 1574 1845; baseline 0.002 -11"><span class='ocrx_word' id='word_1_182' title='bbox 120 1801 264 1835; x_wconf 90' lang='lat' dir='ltr'>domum</span> <span class='ocrx_word' id='word_1_183' title='bbox 294 1802 471 1845; x_wconf 78' lang='lat' dir='ltr'>ingressus</span> <span class='ocrx_word' id='word_1_184' title='bbox 508 1806 573 1835; x_wconf 82' lang='lat' dir='ltr'>est.</span> <span class='ocrx_word' id='word_1_185' title='bbox 633 1802 746 1835; x_wconf 81' lang='lat' dir='ltr'>filium</span> <span class='ocrx_word' id='word_1_186' title='bbox 776 1807 894 1835; x_wconf 83' lang='lat' dir='ltr'>autem</span> <span class='ocrx_word' id='word_1_187' title='bbox 921 1801 1168 1836; x_wconf 86' lang='lat' dir='ltr'>Theodosium</span> <span class='ocrx_word' id='word_1_188' title='bbox 1192 1803 1290 1836; x_wconf 84' lang='lat' dir='ltr'>misit</span> <span class='ocrx_word' id='word_1_189' title='bbox 1313 1803 1504 1837; x_wconf 83' lang='lat' dir='ltr'>Mauricius</span> <span class='ocrx_word' id='word_1_190' title='bbox 1529 1804 1574 1837; x_wconf 82' lang='lat' dir='ltr'>ad</span> 
     </span>
     <span class='ocr_line' id='line_1_24' title="bbox 120 1849 1575 1895; baseline 0 -12"><span class='ocrx_word' id='word_1_191' title='bbox 120 1849 304 1883; x_wconf 77' lang='lat' dir='ltr'>chosroen</span> <span class='ocrx_word' id='word_1_192' title='bbox 328 1851 509 1883; x_wconf 83' lang='lat' dir='ltr'><strong>Persarum</strong></span> <span class='ocrx_word' id='word_1_193' title='bbox 538 1859 655 1893; x_wconf 84' lang='lat' dir='ltr'>regem</span> <span class='ocrx_word' id='word_1_194' title='bbox 687 1861 765 1882; x_wconf 84' lang='lat' dir='ltr'>cum</span> <span class='ocrx_word' id='word_1_195' title='bbox 790 1849 934 1892; x_wconf 84' lang='lat' dir='ltr'>litteris,</span> <span class='ocrx_word' id='word_1_196' title='bbox 962 1849 1001 1883; x_wconf 89' lang='lat' dir='ltr'>in</span> <span class='ocrx_word' id='word_1_197' title='bbox 1035 1849 1168 1894; x_wconf 82' lang='lat' dir='ltr'>quibus</span> <span class='ocrx_word' id='word_1_198' title='bbox 1195 1849 1240 1884; x_wconf 85' lang='lat' dir='ltr'>de</span> <span class='ocrx_word' id='word_1_199' title='bbox 1265 1851 1337 1884; x_wconf 83' lang='lat' dir='ltr'>suis</span> <span class='ocrx_word' id='word_1_200' title='bbox 1364 1862 1444 1895; x_wconf 83' lang='lat' dir='ltr'>erga</span> <span class='ocrx_word' id='word_1_201' title='bbox 1473 1851 1575 1884; x_wconf 84' lang='lat' dir='ltr'>illum</span> 
     </span>
     <span class='ocr_line' id='line_1_25' title="bbox 118 1895 1574 1943; baseline 0.001 -13"><span class='ocrx_word' id='word_1_202' title='bbox 118 1895 304 1930; x_wconf 83' lang='lat' dir='ltr'>beneficiis</span> <span class='ocrx_word' id='word_1_203' title='bbox 331 1897 522 1941; x_wconf 80' lang='lat' dir='ltr'>scripserat</span> <span class='ocrx_word' id='word_1_204' title='bbox 554 1901 592 1929; x_wconf 83' lang='lat' dir='ltr'>et</span> <span class='ocrx_word' id='word_1_205' title='bbox 618 1896 919 1943; x_wconf 84' lang='lat' dir='ltr'>quemadmodum</span> <span class='ocrx_word' id='word_1_206' title='bbox 945 1908 983 1930; x_wconf 83' lang='lat' dir='ltr'>se</span> <span class='ocrx_word' id='word_1_207' title='bbox 1018 1896 1209 1930; x_wconf 80' lang='lat' dir='ltr'>adiuvante</span> <span class='ocrx_word' id='word_1_208' title='bbox 1234 1898 1420 1943; x_wconf 82' lang='lat' dir='ltr'>imperium</span> <span class='ocrx_word' id='word_1_209' title='bbox 1451 1898 1574 1931; x_wconf 81' lang='lat' dir='ltr'>Persa-</span> 
     </span>
     <span class='ocr_line' id='line_1_26' title="bbox 121 1943 1572 1990; baseline 0.001 -14"><span class='ocrx_word' id='word_1_210' title='bbox 121 1956 197 1977; x_wconf 89' lang='lat' dir='ltr'>rum</span> <span class='ocrx_word' id='word_1_211' title='bbox 222 1949 442 1989; x_wconf 81' lang='lat' dir='ltr'>occupasset.</span> <span class='ocrx_word' id='word_1_212' title='bbox 506 1943 589 1976; x_wconf 83' lang='lat' dir='ltr'>inde</span> <span class='ocrx_word' id='word_1_213' title='bbox 615 1956 720 1978; x_wconf 84' lang='lat' dir='ltr'>nemo</span> <span class='ocrx_word' id='word_1_214' title='bbox 748 1945 915 1988; x_wconf 86' lang='lat' dir='ltr'>cognovit</span> <span class='ocrx_word' id='word_1_215' title='bbox 950 1943 1041 1990; x_wconf 87' lang='lat' dir='ltr'>quid</span> <span class='ocrx_word' id='word_1_216' title='bbox 1068 1944 1197 1978; x_wconf 84' lang='lat' dir='ltr'>factum</span> <span class='ocrx_word' id='word_1_217' title='bbox 1227 1946 1274 1978; x_wconf 89' lang='lat' dir='ltr'>sit</span> <span class='ocrx_word' id='word_1_218' title='bbox 1297 1944 1341 1978; x_wconf 86' lang='lat' dir='ltr'>de</span> <span class='ocrx_word' id='word_1_219' title='bbox 1366 1945 1572 1979; x_wconf 80' lang='lat' dir='ltr'>Theodosio</span> 
     </span>
     <span class='ocr_line' id='line_1_27' title="bbox 118 1990 1571 2037; baseline 0.001 -13"><span class='ocrx_word' id='word_1_220' title='bbox 118 1992 197 2025; x_wconf 81' lang='lat' dir='ltr'>ino.</span> <span class='ocrx_word' id='word_1_221' title='bbox 248 1992 456 2037; x_wconf 85' lang='lat' dir='ltr'>episcopatu</span> <span class='ocrx_word' id='word_1_222' title='bbox 495 1991 713 2035; x_wconf 80' lang='lat' dir='ltr'>fungebatur</span> <span class='ocrx_word' id='word_1_223' title='bbox 753 1993 918 2025; x_wconf 79' lang='lat' dir='ltr'>Ioannes.</span> <span class='ocrx_word' id='word_1_224' title='bbox 970 1990 1147 2025; x_wconf 79' lang='lat' dir='ltr'>Chosroes</span> <span class='ocrx_word' id='word_1_225' title='bbox 1173 1997 1306 2033; x_wconf 74' lang='lat' dir='ltr'>autem,</span> <span class='ocrx_word' id='word_1_226' title='bbox 1330 1993 1511 2026; x_wconf 83' lang='lat' dir='ltr'>Persarum</span> <span class='ocrx_word' id='word_1_227' title='bbox 1537 1994 1571 2026; x_wconf 87' lang='lat' dir='ltr'>vi</span> 
     </span>
     <span class='ocr_line' id='line_1_28' title="bbox 117 2038 1571 2086; baseline 0.001 -15"><span class='ocrx_word' id='word_1_228' title='bbox 117 2044 252 2080; x_wconf 80' lang='lat' dir='ltr'>coacta,</span> <span class='ocrx_word' id='word_1_229' title='bbox 280 2044 403 2073; x_wconf 83' lang='lat' dir='ltr'>contra</span> <span class='ocrx_word' id='word_1_230' title='bbox 429 2040 602 2071; x_wconf 79' lang='lat' dir='ltr'>Romanos</span> <span class='ocrx_word' id='word_1_231' title='bbox 627 2040 692 2074; x_wconf 85' lang='lat' dir='ltr'>ivit</span> <span class='ocrx_word' id='word_1_232' title='bbox 715 2038 883 2073; x_wconf 73' lang='lat' dir='ltr'>adversus</span> <span class='ocrx_word' id='word_1_233' title='bbox 900 2038 1052 2073; x_wconf 86' lang='lat' dir='ltr'>Phocam</span> <span class='ocrx_word' id='word_1_234' title='bbox 1067 2039 1271 2086; x_wconf 83' lang='lat' dir='ltr'>multasque</span> <span class='ocrx_word' id='word_1_235' title='bbox 1290 2039 1395 2077; x_wconf 79' lang='lat' dir='ltr'>urbes</span> <span class='ocrx_word' id='word_1_236' title='bbox 1421 2045 1457 2075; x_wconf 81' lang='lat' dir='ltr'>et</span> <span class='ocrx_word' id='word_1_237' title='bbox 1470 2051 1571 2086; x_wconf 85' lang='lat' dir='ltr'>agros</span> 
     </span>
    </p>
   </div>
   <div class='ocr_carea' id='block_1_6' title="bbox 117 2086 541 2122">
    <p class='ocr_par' dir='ltr' id='par_1_8' title="bbox 117 2086 541 2122">
     <span class='ocr_line' id='line_1_29' title="bbox 117 2086 541 2122; baseline -0.005 -3"><span class='ocrx_word' id='word_1_238' title='bbox 117 2087 355 2122; x_wconf 84' lang='lat' dir='ltr'>Romanorum</span> <span class='ocrx_word' id='word_1_239' title='bbox 377 2086 541 2120; x_wconf 78' lang='lat' dir='ltr'>vastavit.</span> 
     </span>
    </p>
   </div>
   <div class='ocr_carea' id='block_1_7' title="bbox 662 2182 1019 2221">
    <p class='ocr_par' dir='ltr' id='par_1_9' title="bbox 662 2182 1019 2221">
     <span class='ocr_line' id='line_1_30' title="bbox 662 2182 1019 2221; baseline 0.003 -1"><span class='ocrx_word' id='word_1_240' title='bbox 662 2187 799 2221; x_wconf 65' lang='lat' dir='ltr'>PnocAs</span> <span class='ocrx_word' id='word_1_241' title='bbox 826 2182 1019 2221; x_wconf 74' lang='lat' dir='ltr'>rmmws.</span> 
     </span>
    </p>
   </div>
   <div class='ocr_carea' id='block_1_8' title="bbox 117 2272 1571 2747">
    <p class='ocr_par' dir='ltr' id='par_1_10' title="bbox 117 2272 1571 2747">
     <span class='ocr_line' id='line_1_31' title="bbox 210 2272 1571 2321; baseline 0.002 -14"><span class='ocrx_word' id='word_1_242' title='bbox 210 2272 345 2308; x_wconf 84' lang='lat' dir='ltr'>Phocas</span> <span class='ocrx_word' id='word_1_243' title='bbox 373 2278 545 2317; x_wconf 83' lang='lat' dir='ltr'>tyrannus</span> <span class='ocrx_word' id='word_1_244' title='bbox 586 2275 747 2318; x_wconf 79' lang='lat' dir='ltr'>regnavit</span> <span class='ocrx_word' id='word_1_245' title='bbox 769 2284 882 2307; x_wconf 87' lang='lat' dir='ltr'>annos</span> <span class='ocrx_word' id='word_1_246' title='bbox 907 2273 942 2315; x_wconf 91' lang='lat'>8,</span> <span class='ocrx_word' id='word_1_247' title='bbox 975 2274 1166 2309; x_wconf 81' lang='lat' dir='ltr'>Leontone</span> <span class='ocrx_word' id='word_1_248' title='bbox 1189 2286 1301 2310; x_wconf 83' lang='lat' dir='ltr'>uxore</span> <span class='ocrx_word' id='word_1_249' title='bbox 1326 2276 1483 2321; x_wconf 82' lang='lat' dir='ltr'>Augusta</span> <span class='ocrx_word' id='word_1_250' title='bbox 1507 2287 1571 2309; x_wconf 90' lang='lat' dir='ltr'>co-</span> 
     </span>
     <span class='ocr_line' id='line_1_32' title="bbox 120 2319 1570 2369; baseline 0.003 -16"><span class='ocrx_word' id='word_1_251' title='bbox 120 2325 255 2354; x_wconf 78' lang='lat' dir='ltr'>ronata.</span> <span class='ocrx_word' id='word_1_252' title='bbox 305 2321 364 2354; x_wconf 91' lang='lat' dir='ltr'>hic</span> <span class='ocrx_word' id='word_1_253' title='bbox 386 2321 521 2355; x_wconf 73' lang='lat' dir='ltr'>Phocus</span> <span class='ocrx_word' id='word_1_254' title='bbox 546 2319 665 2354; x_wconf 84' lang='lat' dir='ltr'>fuerat</span> <span class='ocrx_word' id='word_1_255' title='bbox 691 2322 854 2354; x_wconf 79' lang='lat' dir='ltr'>centurio</span> <span class='ocrx_word' id='word_1_256' title='bbox 882 2321 920 2354; x_wconf 88' lang='lat' dir='ltr'>in</span> <span class='ocrx_word' id='word_1_257' title='bbox 945 2322 1116 2364; x_wconf 78' lang='lat' dir='ltr'>exercitu,</span> <span class='ocrx_word' id='word_1_258' title='bbox 1139 2324 1299 2369; x_wconf 74' lang='lat' dir='ltr'>corporis</span> <span class='ocrx_word' id='word_1_259' title='bbox 1327 2328 1464 2357; x_wconf 82' lang='lat' dir='ltr'>statura</span> <span class='ocrx_word' id='word_1_260' title='bbox 1493 2335 1570 2356; x_wconf 83' lang='lat' dir='ltr'>me-</span> 
     </span>
     <span class='ocr_line' id='line_1_33' title="bbox 119 2367 1571 2416; baseline 0.002 -16"><span class='ocrx_word' id='word_1_261' title='bbox 119 2367 245 2408; x_wconf 87' lang='lat' dir='ltr'>diocri,</span> <span class='ocrx_word' id='word_1_262' title='bbox 270 2368 452 2409; x_wconf 83' lang='lat' dir='ltr'>deformis,</span> <span class='ocrx_word' id='word_1_263' title='bbox 475 2368 614 2403; x_wconf 69' lang='lat' dir='ltr'>vultum</span> <span class='ocrx_word' id='word_1_264' title='bbox 641 2367 778 2402; x_wconf 82' lang='lat' dir='ltr'>habens</span> <span class='ocrx_word' id='word_1_265' title='bbox 805 2368 997 2413; x_wconf 83' lang='lat' dir='ltr'>turgidum,</span> <span class='ocrx_word' id='word_1_266' title='bbox 1033 2380 1169 2403; x_wconf 82' lang='lat' dir='ltr'>comam</span> <span class='ocrx_word' id='word_1_267' title='bbox 1194 2371 1350 2411; x_wconf 87' lang='lat' dir='ltr'>rubram,</span> <span class='ocrx_word' id='word_1_268' title='bbox 1378 2371 1571 2416; x_wconf 84' lang='lat' dir='ltr'>supercilia</span> 
     </span>
     <span class='ocr_line' id='line_1_34' title="bbox 119 2415 1571 2464; baseline 0.001 -16"><span class='ocrx_word' id='word_1_269' title='bbox 119 2416 239 2449; x_wconf 77' lang='lat' dir='ltr'>iuncta</span> <span class='ocrx_word' id='word_1_270' title='bbox 265 2421 303 2449; x_wconf 88' lang='lat' dir='ltr'>et</span> <span class='ocrx_word' id='word_1_271' title='bbox 325 2416 472 2449; x_wconf 86' lang='lat' dir='ltr'>barbam</span> <span class='ocrx_word' id='word_1_272' title='bbox 505 2420 665 2450; x_wconf 81' lang='lat' dir='ltr'>tonsam:</span> <span class='ocrx_word' id='word_1_273' title='bbox 701 2417 739 2449; x_wconf 88' lang='lat' dir='ltr'>in</span> <span class='ocrx_word' id='word_1_274' title='bbox 765 2416 859 2448; x_wconf 84' lang='lat' dir='ltr'>mala</span> <span class='ocrx_word' id='word_1_275' title='bbox 893 2415 1093 2450; x_wconf 81' lang='lat' dir='ltr'>cicatricem</span> <span class='ocrx_word' id='word_1_276' title='bbox 1121 2415 1293 2460; x_wconf 85' lang='lat' dir='ltr'>habebat,</span> <span class='ocrx_word' id='word_1_277' title='bbox 1324 2429 1429 2464; x_wconf 82' lang='lat' dir='ltr'>quae,</span> <span class='ocrx_word' id='word_1_278' title='bbox 1459 2429 1571 2463; x_wconf 88' lang='lat' dir='ltr'>quum</span> 
     </span>
     <span class='ocr_line' id='line_1_35' title="bbox 118 2461 1570 2508; baseline 0.002 -13"><span class='ocrx_word' id='word_1_279' title='bbox 118 2461 358 2503; x_wconf 85' lang='lat' dir='ltr'>irascebatur,</span> <span class='ocrx_word' id='word_1_280' title='bbox 382 2462 628 2508; x_wconf 80' lang='lat' dir='ltr'>nigrescebat3</span> <span class='ocrx_word' id='word_1_281' title='bbox 673 2468 750 2496; x_wconf 83' lang='lat' dir='ltr'>erat</span> <span class='ocrx_word' id='word_1_282' title='bbox 774 2464 941 2504; x_wconf 73' lang='lat' dir='ltr'>vinosuS,</span> <span class='ocrx_word' id='word_1_283' title='bbox 967 2463 1076 2497; x_wconf 77' lang='lat' dir='ltr'>caede</span> <span class='ocrx_word' id='word_1_284' title='bbox 1111 2465 1268 2508; x_wconf 84' lang='lat' dir='ltr'>gaudens</span> <span class='ocrx_word' id='word_1_285' title='bbox 1295 2470 1332 2498; x_wconf 85' lang='lat' dir='ltr'>et</span> <span class='ocrx_word' id='word_1_286' title='bbox 1354 2465 1570 2498; x_wconf 83' lang='lat' dir='ltr'>feminarum</span> 
     </span>
     <span class='ocr_line' id='line_1_36' title="bbox 117 2509 1570 2551; baseline 0.002 -8"><span class='ocrx_word' id='word_1_287' title='bbox 117 2520 253 2551; x_wconf 84' lang='lat' dir='ltr'>amans,</span> <span class='ocrx_word' id='word_1_288' title='bbox 278 2520 403 2544; x_wconf 76' lang='lat' dir='ltr'>saevus</span> <span class='ocrx_word' id='word_1_289' title='bbox 428 2515 465 2544; x_wconf 83' lang='lat' dir='ltr'>et</span> <span class='ocrx_word' id='word_1_290' title='bbox 488 2509 604 2543; x_wconf 84' lang='lat' dir='ltr'>audax</span> <span class='ocrx_word' id='word_1_291' title='bbox 634 2511 672 2544; x_wconf 87' lang='lat' dir='ltr'>in</span> <span class='ocrx_word' id='word_1_292' title='bbox 696 2509 862 2550; x_wconf 85' lang='lat' dir='ltr'>dicendo,</span> <span class='ocrx_word' id='word_1_293' title='bbox 888 2511 966 2544; x_wconf 80' lang='lat' dir='ltr'>sine</span> <span class='ocrx_word' id='word_1_294' title='bbox 988 2511 1230 2545; x_wconf 83' lang='lat' dir='ltr'>misericordia</span> <span class='ocrx_word' id='word_1_295' title='bbox 1251 2518 1287 2546; x_wconf 85' lang='lat' dir='ltr'>et</span> <span class='ocrx_word' id='word_1_296' title='bbox 1314 2511 1466 2547; x_wconf 82' lang='lat' dir='ltr'>horridis</span> <span class='ocrx_word' id='word_1_297' title='bbox 1490 2523 1570 2546; x_wconf 85' lang='lat' dir='ltr'>mo-</span> 
     </span>
     <span class='ocr_line' id='line_1_37' title="bbox 120 2556 1568 2604; baseline 0.002 -14"><span class='ocrx_word' id='word_1_298' title='bbox 120 2556 230 2590; x_wconf 87' lang='lat' dir='ltr'>ribus.</span> <span class='ocrx_word' id='word_1_299' title='bbox 280 2568 390 2602; x_wconf 89' lang='lat' dir='ltr'>quum</span> <span class='ocrx_word' id='word_1_300' title='bbox 416 2568 499 2591; x_wconf 83' lang='lat' dir='ltr'>vero</span> <span class='ocrx_word' id='word_1_301' title='bbox 526 2557 565 2590; x_wconf 91' lang='lat' dir='ltr'>in</span> <span class='ocrx_word' id='word_1_302' title='bbox 590 2557 720 2590; x_wconf 88' lang='lat' dir='ltr'>circum</span> <span class='ocrx_word' id='word_1_303' title='bbox 747 2558 917 2597; x_wconf 76' lang='lat' dir='ltr'>venisset,</span> <span class='ocrx_word' id='word_1_304' title='bbox 943 2557 1122 2592; x_wconf 82' lang='lat' dir='ltr'>seditione</span> <span class='ocrx_word' id='word_1_305' title='bbox 1151 2560 1246 2593; x_wconf 81' lang='lat' dir='ltr'>inter</span> <span class='ocrx_word' id='word_1_306' title='bbox 1271 2564 1388 2604; x_wconf 82' lang='lat' dir='ltr'>partes</span> <span class='ocrx_word' id='word_1_307' title='bbox 1413 2564 1491 2602; x_wconf 87' lang='lat' dir='ltr'>orta</span> <span class='ocrx_word' id='word_1_308' title='bbox 1523 2559 1568 2593; x_wconf 88' lang='lat' dir='ltr'>de</span> 
     </span>
     <span class='ocr_line' id='line_1_38' title="bbox 118 2603 1567 2648; baseline 0.002 -11"><span class='ocrx_word' id='word_1_309' title='bbox 118 2603 255 2637; x_wconf 83' lang='lat' dir='ltr'>honore</span> <span class='ocrx_word' id='word_1_310' title='bbox 282 2604 353 2637; x_wconf 85' lang='lat' dir='ltr'>loci</span> <span class='ocrx_word' id='word_1_311' title='bbox 378 2605 620 2638; x_wconf 83' lang='lat' dir='ltr'>clamaverunt</span> <span class='ocrx_word' id='word_1_312' title='bbox 644 2605 836 2638; x_wconf 83' lang='lat' dir='ltr'>factiones:</span> <span class='ocrx_word' id='word_1_313' title='bbox 867 2605 1084 2640; x_wconf 86' lang='lat' dir='ltr'>“Mauricius</span> <span class='ocrx_word' id='word_1_314' title='bbox 1102 2606 1202 2647; x_wconf 87' lang='lat' dir='ltr'>vivit,</span> <span class='ocrx_word' id='word_1_315' title='bbox 1220 2618 1294 2640; x_wconf 89' lang='lat' dir='ltr'>non</span> <span class='ocrx_word' id='word_1_316' title='bbox 1319 2611 1479 2640; x_wconf 79' lang='lat' dir='ltr'>mortuus</span> <span class='ocrx_word' id='word_1_317' title='bbox 1502 2612 1567 2648; x_wconf 76' lang='lat' dir='ltr'>est,</span> 
     </span>
     <span class='ocr_line' id='line_1_39' title="bbox 118 2651 1568 2698; baseline 0.002 -14"><span class='ocrx_word' id='word_1_318' title='bbox 118 2652 391 2696; x_wconf 80' lang='lat' dir='ltr'>interrogetur-’¹</span> <span class='ocrx_word' id='word_1_319' title='bbox 438 2657 526 2685; x_wconf 84' lang='lat' dir='ltr'>tunc</span> <span class='ocrx_word' id='word_1_320' title='bbox 551 2651 658 2685; x_wconf 86' lang='lat' dir='ltr'>homo</span> <span class='ocrx_word' id='word_1_321' title='bbox 694 2653 824 2698; x_wconf 88' lang='lat' dir='ltr'>impius</span> <span class='ocrx_word' id='word_1_322' title='bbox 863 2658 1062 2686; x_wconf 83' lang='lat' dir='ltr'>commotus</span> <span class='ocrx_word' id='word_1_323' title='bbox 1086 2658 1141 2686; x_wconf 81' lang='lat' dir='ltr'>est</span> <span class='ocrx_word' id='word_1_324' title='bbox 1166 2658 1207 2686; x_wconf 87' lang='lat' dir='ltr'>ut</span> <span class='ocrx_word' id='word_1_325' title='bbox 1231 2654 1445 2688; x_wconf 79' lang='lat' dir='ltr'>Mam-icium</span> <span class='ocrx_word' id='word_1_326' title='bbox 1470 2654 1568 2688; x_wconf 88' lang='lat' dir='ltr'>occi-</span> 
     </span>
     <span class='ocr_line' id='line_1_40' title="bbox 118 2698 1567 2747; baseline 0.003 -16"><span class='ocrx_word' id='word_1_327' title='bbox 118 2698 233 2732; x_wconf 84' lang='lat' dir='ltr'>deret.</span> <span class='ocrx_word' id='word_1_328' title='bbox 283 2699 421 2733; x_wconf 74' lang='lat' dir='ltr'>vinctus</span> <span class='ocrx_word' id='word_1_329' title='bbox 444 2698 640 2733; x_wconf 82' lang='lat' dir='ltr'>Mauricius</span> <span class='ocrx_word' id='word_1_330' title='bbox 680 2699 716 2733; x_wconf 88' lang='lat' dir='ltr'>in</span> <span class='ocrx_word' id='word_1_331' title='bbox 746 2704 889 2745; x_wconf 85' lang='lat' dir='ltr'>portum</span> <span class='ocrx_word' id='word_1_332' title='bbox 914 2699 1076 2747; x_wconf 84' lang='lat' dir='ltr'>Eutropii</span> <span class='ocrx_word' id='word_1_333' title='bbox 1102 2700 1228 2734; x_wconf 82' lang='lat' dir='ltr'>ductus</span> <span class='ocrx_word' id='word_1_334' title='bbox 1257 2705 1323 2735; x_wconf 83' lang='lat' dir='ltr'>est.</span> <span class='ocrx_word' id='word_1_335' title='bbox 1372 2707 1478 2737; x_wconf 83' lang='lat' dir='ltr'>antea</span> <span class='ocrx_word' id='word_1_336' title='bbox 1501 2712 1567 2735; x_wconf 85' lang='lat' dir='ltr'>au-</span> 
     </span>
    </p>
   </div>
  </div>
 </body>
</html>
