1838 3132
626 110 1120 156 CHRONOGRAPHIA.
1515 108 1535 149 1
1547 104 1608 151 59

149 224 425 282 Συράκουσαι]
454 226 528 281 τῆς
557 228 772 281 Σικελίας,
803 226 862 282 τῷ
902 223 1111 282 βαλανείῳ
1150 219 1439 277 σμηχόμενος·
1498 223 1606 275 μετὰ

147 293 230 348 γὰρ
262 294 343 335 ταῦ
360 293 518 334 nawen
548 289 652 334 κατὰ
684 293 875 346 κορυφῆς
903 290 1045 344 λαβών
1070 290 1186 344 παρὰ
1213 284 1414 344 Ἀνδρέου
1441 288 1613 343 ἐτεθνή-

149 375 226 414 κει,
258 358 332 401 καί
367 360 650 415 προεβάλοντο
686 356 724 400 οἱ
753 356 1046 414 ’,Συρακούσιοι
1082 357 1273 408 Νιζιζιον
1296 355 1525 412 Ἀρμένιον
1552 355 1613 404 εἰς

149 427 341 482 βασιλέα,
371 421 472 468 ὄντα
500 426 594 468 λίαν
621 425 815 480 εὐπρεπῆ
844 425 918 465 καί
945 420 1214 479 ὦραιότατον.

115 541 138 576 5
415 546 705 581 Κωνσιαντῒνος
727 536 805 581 υἱὸς
832 540 999 577 Κώνστα
1031 539 1051 576 ὃ
1090 539 1346 588 Πωγωνάτος.

260 635 577 682 Κωνσταντῖνος
618 629 711 680 υἱὸς
743 629 926 674 Κώνστα
973 631 1244 684 ἐβασίλευσεν
1287 628 1358 686 ἔτη
1387 630 1611 674 δεκαεπτά.

149 694 271 748 οὗτος
296 697 451 752 μαθών
478 697 555 754 τήν
585 698 663 739 τοῦ
691 696 852 753 πατρὸς
881 697 1100 753 ἀναίρεσιν
1126 695 1235 750 μετὰ
1267 699 1462 740 πλείστου
1480 713 1612 750 στρα-

145 767 221 808 τοῦ
248 764 321 806 καί
347 766 598 814 ναυστολιάς
629 763 705 819 τήν
726 766 922 806 Σικέλιαν
953 765 1172 819 κατέλαβε,
1203 763 1276 806 καὶ
1300 761 1613 819 χειρωσάμενος

148 832 340 884 Νιζιζιον
371 831 443 873 καί
481 831 578 880 τούς
609 834 682 873 τοῦ
717 831 877 887 πατρὸς
916 827 1140 886 ιῖναιρέτας
1169 828 1614 887 πάνταςοῖπεκεφάλι-

92 905 240 940 wasv-
298 897 502 948 ὡσαύτως
545 899 618 939 καί
638 895 938 941 Ἰουστινιανὸν
979 899 1201 951 πατρίκιον
1237 895 1312 939 τὸν
1342 899 1506 951 πατέρα
1538 898 1615 939 τοῦ

146 967 372 1019 Γερμανοῦ
399 967 478 1006 τοῦ
504 967 729 1019 γενομένου
760 967 1054 1019 πατριάρχου·
1086 963 1160 1005 τὸν
1190 964 1236 1006 δὲ
1258 962 1482 1019 Γερμανὸν
1510 956 1614 1005 ὄντα

143 1030 405 1085 τραχύτερον
438 1030 700 1085 εύνούχισεν.
759 1026 882 1080 οὗτος
911 1030 1069 1086 ἐκλήθη
1098 1029 1367 1085 Πωγωνάτος
1398 1027 1456 1079 ὥς
1487 1029 1615 1071 οἷπελ.

144 1097 236 1139 θεὸν
265 1097 337 1140 ἐπὶ
374 1099 428 1154 τῇ
470 1099 547 1140 τοῦ
574 1097 732 1153 πατρὸς
761 1095 993 1152 ἐκδικήσει,
1041 1094 1289 1139 ἐπανελθών
1317 1097 1365 1138 δὲ
1391 1095 1495 1150 μετὰ
1527 1094 1613 1137 πώ-

143 1178 286 1219 γωνος.
344 1165 418 1205 καί
454 1162 728 1220 ’ὗποστρὲψας
766 1166 810 1205 ἐν
849 1164 1296 1206 Κωνσταντινουπὸλει
1337 1163 1613 1217 ἐβασίλευσεν

91 1240 132 1273 15
145 1228 233 1284 ἅμα
262 1238 347 1282 τοῖς
379 1232 603 1288 ἀδελφοῖς·
662 1232 984 1284 ἐπιβουλευθείς
1015 1232 1062 1272 δὲ
1097 1233 1196 1285 παρ’
1224 1229 1367 1279 αὐτοῖς
1393 1231 1468 1271 καί
1493 1246 1613 1272 κατι-

142 1298 308 1352 σχύσας
337 1297 638 1356 ῥινοτομὴτους
667 1297 740 1340 καί
765 1300 1001 1354 ἑξορίστους
1042 1296 1236 1353 ἐποίησεν
1259 1293 1512 1353 Ἶ-Ιράκλειον
1542 1298 1615 1339 καί

148 1369 353 1420 Τιβέριον.

245 1430 340 1473 Ἐπὶ
367 1434 501 1473 αὐτοῦ
529 1434 575 1474 δὲ
606 1433 756 1486 ἐξῆλθε
788 1429 934 1481 στόλος
955 1432 1087 1486 μέγας
1116 1429 1389 1486 καίκεφαλαί
1415 1433 1609 1472 πλεῖσται

142 1500 228 1540 τῶν
257 1498 471 1555 Ἀράβων,
503 1499 576 1541 καί
613 1500 933 1553 παραλαβόντες
970 1497 1161 1550 Κύζικον
1203 1493 1335 1553 ἦλθον
1375 1500 1506 1551 μέχρι
1535 1499 1609 1551 τῆς

83 1570 131 1604 20
142 1568 306 1622 χρυσῆς
334 1559 489 1623 πόρτης
513 1565 588 1607 καί
622 1567 700 1607 τοῦ
737 1565 975 1620 κυκλοβιου,
1009 1568 1217 1614 πολέμους
1257 1566 1481 1613 ποιοῦντες
1509 1566 1607 1604 καθ’

239 1690 270 1723 1.
298 1688 363 1736 τῷ]
392 1689 487 1724 ἔνθα
514 1687 774 1736 ἐδολοφονήθη
809 1689 851 1724 ἐν
877 1687 957 1734 τῷὶ)

141 1805 373 1851 promittens,
407 1809 445 1838 et
469 1814 601 1849 equum
639 1808 678 1837 et
712 1814 864 1837 servum.
913 1813 1034 1836 verum
1070 1801 1107 1835 id
1133 1801 1319 1836 'Constans
1346 1813 1421 1836 non
1446 1802 1603 1836 admisit.

142 1854 247 1898 Cpoli
274 1853 420 1892 relicta,
446 1852 638 1894 Syracusas
674 1852 792 1891 venit,
825 1851 885 1883 ubi
915 1850 953 1883 in
990 1849 1123 1883 balneo
1160 1855 1214 1883 est
1241 1850 1463 1884 interfectus.
1513 1850 1603 1883 cado

141 1902 237 1934 enim
261 1900 413 1944 graviter
435 1900 553 1944 capite
579 1898 740 1938 inflicto,
771 1904 917 1931 necatus
942 1902 996 1931 est
1021 1897 1066 1930 ab
1090 1897 1242 1931 Andrea.
1292 1897 1505 1940 Syracusani
1536 1897 1604 1931 Ni-

139 1949 266 1981 zizium
294 1947 497 1981 Armenium
510 1957 630 1991 regem
654 1951 876 1987 creaverunt,
902 1945 1084 1978 hominem
1109 1945 1216 1990 longe
1237 1944 1351 1978 forma
1368 1945 1604 1991 praestantis-

140 2006 280 2031 sunum.

533 2076 803 2119 CoNeTAnrluus
829 2083 1050 2119 CousrAuris
1075 2093 1206 2119 rums.

235 2178 516 2220 Constantinus,
551 2178 646 2211 filius
680 2177 888 2210 Constantis
931 2177 1092 2220 regnavit
1116 2187 1229 2209 annos
1263 2175 1317 2208 17.
1372 2175 1453 2215 hio,
1490 2175 1602 2221 patris

141 2224 249 2259 caede
277 2232 481 2271 comperta,
515 2237 595 2259 cum
620 2236 814 2271 permagno
841 2224 1001 2257 exercitu
1028 2229 1066 2257 et
1096 2224 1206 2257 classe
1233 2222 1357 2256 Sicilia
1390 2223 1528 2268 potitus
1550 2229 1604 2256 est

142 2279 179 2306 et
206 2273 340 2306 Nizizio
376 2285 417 2306 ac
451 2274 562 2318 patris
599 2271 892 2306 interfectoribus
918 2272 1031 2316 captis
1069 2276 1176 2317 caput
1201 2270 1376 2312 abscidit3
1402 2270 1604 2315 eademque

142 2321 280 2354 ratione
307 2321 542 2354 Iustinianum
570 2320 759 2365 patricium
783 2324 918 2364 patrem
948 2319 1137 2360 Germani,
1174 2318 1234 2364 qui
1258 2318 1461 2363 patriarcha
1489 2318 1604 2351 factus

141 2373 230 2407 erat,
255 2369 444 2409 truncavit,
472 2369 689 2402 Germanum
716 2373 837 2399 autem
865 2366 1021 2399 ferocius
1060 2377 1098 2399 se
1127 2370 1308 2410 gerentem
1337 2365 1496 2398 eviravit.
1547 2364 1606 2396 hic

140 2420 286 2448 vocatus
313 2420 367 2448 est
391 2415 604 2459 Pogonatos,
634 2415 719 2461 quia
745 2414 914 2446 imberbis
957 2413 1096 2446 abierat
1121 2412 1165 2445 ad
1193 2418 1331 2458 patrem
1358 2411 1606 2445 ulciscendum

140 2461 309 2495 barbatus
333 2461 496 2496 redierat.
547 2473 706 2495 reversus
734 2461 875 2505 Cpolim
901 2460 1008 2493 simul
1029 2471 1109 2493 cum
1139 2460 1307 2493 fratribus
1336 2461 1504 2502 regnavit,
1523 2471 1605 2492 cum

140 2521 224 2543 vero
250 2510 284 2542 ei
314 2509 568 2543 insidiarentur
593 2514 629 2542 et
654 2511 724 2544 vim
753 2509 926 2548 facerent,
951 2507 1014 2541 ille
1032 2508 1236 2541 Heraclium
1263 2513 1300 2540 et
1323 2506 1512 2540 Tiberium
1537 2518 1605 2540 na—

140 2556 244 2591 vibus
271 2562 449 2590 truncatos
478 2557 628 2602 expulit.

234 2605 282 2637 Eo
322 2609 492 2648 regnante
530 2615 655 2648 magna
694 2603 816 2636 classis
856 2607 892 2634 et
927 2601 1097 2646 permulti
1132 2600 1241 2634 duces
1274 2600 1428 2634 Arabum
1472 2600 1604 2645 egressi

141 2655 226 2684 sunt
251 2656 287 2684 et
315 2651 443 2694 Cyzico
478 2657 606 2696 capta,
631 2662 744 2696 usque
782 2649 825 2682 ad
852 2659 994 2682 auream
1022 2654 1161 2694 portam
1198 2654 1235 2682 et
1264 2648 1463 2691 cyclobium
1489 2659 1603 2681 vene-

141 2704 235 2741 runt,
265 2703 465 2744 pugnantes
489 2709 634 2744 qnoque
663 2697 721 2731 die
747 2702 783 2731 et
811 2696 1045 2730 hibernantes
1071 2697 1110 2729 in
1133 2695 1214 2729 sinu
1230 2695 1371 2740 Cyzico,
1396 2706 1461 2742 per
1485 2695 1505 2729 7
1534 2707 1602 2729 an-
