1838 3132
258 112 350 159 160
662 82 885 172 [LEoms
927 95 1312 169 GRAMMA'ricl]

252 225 438 282 ἑκάστην,
468 227 540 269 καί
566 226 953 281 παραχειμάζοντες
993 227 1039 267 ἑν
1071 227 1130 282 τῷ·
1158 224 1294 282 κόλπῳ
1323 225 1396 267 καί
1422 226 1608 285 Κυζίκῳ,
1636 228 1708 270 εἠἰ

250 288 355 334 ἑπτά
398 291 467 347 ἔτη
514 295 791 345 πολεμοῦντες
818 291 1268 333 Κωνσταντινούπολιν.
1345 291 1396 347 τῇ
1424 293 1470 333 δὲ
1497 294 1573 334 τοῦ
1601 295 1708 335 θεοῦ

249 359 394 414 χάριτι
424 359 831 411 καταπολεμηθέντες
862 356 943 398 ὑπὸ
977 359 1061 398 τῶν
1092 356 1337 407 Βυζαντίων
1365 356 1445 398 ὑπὸ
1473 360 1551 400 τοῦ
1579 374 1704 414 στρα-

250 428 327 467 τοῦ
356 427 435 467 τῶν
465 425 804 477 Κιβυρραιωταῖν
851 419 975 471 αὖθις
1015 425 1318 476 πολεμηθέντες
1347 419 1602 478 ἡττήθησαν,
1630 425 1704 478 ἑμ-

252 492 524 545 πρησθέντων
552 490 627 530 καί
653 491 734 530 τῶν
760 492 914 530 πλοίων
954 489 1096 530 αὕταῖν
1136 485 1215 529 ἀπὸ
1251 490 1325 529 τοῦ
1351 486 1597 539 ὑδατώδους
1625 496 1738 532 nna-5

252 554 341 610 ρός.
399 554 652 603 Καλλίνικος
679 554 759 609 γάρ
795 570 859 604 τις
892 556 1148 610 α’ρχιτέκτων
1179 552 1260 594 α’πὸ
1287 554 1596 605 ἹῑῙλιουπόλεως
1621 557 1707 598 Συ-
1763 599 1775 609 ,

251 623 346 675 ρίας
375 617 635 676 προσφυγών
676 625 764 669 τοῖς
796 619 1024 672 Ῥωμαίοις
1063 621 1148 672 πῦρ
1180 617 1310 673 ὖγρόν
1343 620 1531 674 α’ρχῆθεν
1561 621 1708 672 αὐτοῖς

251 686 538 742 κατεσκεύασε,
565 686 636 727 καί
662 685 713 727 τὰ
744 687 827 728 τῶν
849 686 1045 739 Ἀράβων
1071 683 1214 740 σκάφη
1236 685 1504 740 καταπρήσας
1535 676 1708 741 σύμψυ.

249 770 308 807 χα
337 752 539 794 άπιόλεσε.
570 753 644 794 καί
672 748 805 801 οὕτως
832 751 871 794 οἱ
894 752 1096 805 Ῥωμαῖοι
1124 748 1230 804 μετά
1264 754 1376 806 νίκης
1394 752 1577 807 μεγάλης
1604 752 1706 796 ὖπέ..

249 829 451 875 στρεψαν,
480 818 611 860 ἔκτοτε
643 816 769 872 ὑγρὸν
798 820 882 873 πῦρ
917 815 1177 873 ἐφευρόντες.
1720 824 1764 859 10

362 887 574 939 Εἰσῆλθον
604 886 648 926 δὲ
676 885 714 927 οἱ
736 886 994 939 Magadale-raa
1023 885 1082 933 εἰς
1108 885 1182 927 τὸν
1210 888 1400 940 Λίβανον
1429 885 1602 941 Συρίας,
1635 888 1708 928 καί

251 952 486 1006 ἐκράτησαν
519 950 663 993 αὐτόν.
723 954 793 992 καὶ
820 952 1001 999 Μανίας
1029 953 1233 1006 φοβηθείς
1268 952 1438 1008 σφόδρα
1462 953 1708 995 ἀποστέλλει

250 1021 447 1071 πρέσβεις
476 1016 581 1072 πρὸς
623 1016 698 1059 τὸν
725 1019 918 1071 βασιλέα,
957 1018 1086 1072 ζητῶν
1115 1017 1296 1074 εἰρήνην,
1326 1017 1612 1072 ὑποσχόμενος
1638 1017 1711 1060 καί

250 1082 394 1137 ἐτήσια
426 1083 576 1125 πάκτα.
635 1082 656 1124 ὅ
688 1085 734 1125 δὲ
764 1081 962 1136 βασιλεύς
991 1081 1089 1131 τούς
1126 1085 1321 1138 πρέσβεις
1350 1082 1573 1135 δεξάμενος
1603 1084 1708 1126 ‹lno-

251 1151 412 1191 στέλλει
441 1147 518 1191 σύν
558 1151 703 1199 αὐτοῖς
729 1148 922 1203 Ἰωάννην
952 1149 1166 1203 πατρίκιον
1203 1148 1276 1191 τὸν
1306 1149 1621 1205 Πιτζογιὶβδην,
1651 1147 1708 1200 ὥς
1722 1156 1764 1190 15

251 1218 501 1275 πολυπειρία
550 1216 623 1258 καί
671 1214 875 1271 φρονήσει
923 1217 1268 1270 κεκωσμημένον,
1310 1217 1588 1270 διαλεχθῆναι
1625 1221 1710 1266 τοῖς

241 1276 439 1334 νΑραψι·
512 1284 596 1323 τῶν
637 1283 683 1323 δὲ
710 1281 907 1335 Ἀράβων
942 1280 1256 1333 θαυμασάντων
1293 1280 1368 1335 τήν
1407 1280 1612 1337 φρόνησιν
1638 1284 1712 1324 καὶ

253 1348 469 1402 α’γχίνοιαν
498 1349 642 1401 αὐτοῦ,
672 1345 976 1402 συνεφώνησαν
1020 1348 1221 1400 παρέχειν
1244 1346 1471 1399 Ῥωμαίοις
1500 1350 1591 1387 κατ’
1618 1345 1710 1396 ἔτος

251 1415 419 1469 χρυσοῦ
452 1412 650 1467 χιλιάδας
691 1414 792 1455 δέκα
831 1411 904 1454 καί
944 1411 1237 1465 αἰχμαλώτους
1273 1411 1472 1466 χιλιάδας
1507 1411 1611 1455 ὀκτώ
1640 1411 1714 1454 καί

255 1481 408 1530 ἵππους
456 1480 637 1533 εὐγενεῖς
665 1476 925 1532 πεντήκοντα.
981 1479 1113 1519 ταῦτα
1152 1477 1381 1534 ε’στοιχήθη
1411 1479 1609 1521 δίδοσθαι
1642 1476 1714 1520 ἐπί
1721 1486 1768 1521 20

254 1545 422 1600 χρόνοις
454 1544 701 1600 τριάκοντα,
741 1540 847 1586 ὥστε
891 1540 997 1585 εἶναι
1041 1547 1243 1585 πλατεῖαν
1271 1543 1439 1599 εἰρήνην
1470 1541 1708 1597 άναμεταξύ

251 1608 449 1668 Ἀράβων
476 1614 549 1653 καί
570 1611 807 1663 Ῥωμαίων.
865 1606 1066 1657 ὡσαύτως
1095 1612 1169 1651 καί
1195 1608 1233 1650 οἱ
1263 1609 1313 1651 τά
1343 1606 1519 1665 ἑσπέρια
1550 1611 1710 1652 οἰκοῦν-

256 1693 321 1727 τες
354 1678 539 1732 Σκύθαι,
582 1673 604 1718 ὅ
634 1692 678 1719 τε
705 1677 889 1731 χαγάνος
929 1674 1003 1716 καί
1032 1674 1069 1717 οἱ
1098 1678 1286 1718 ἐπέκεινα
1315 1675 1438 1731 ῥῆγες
1466 1678 1538 1718 καὶ
1569 1673 1606 1718 οἱ
1636 1675 1710 1717 κά-

255 1746 441 1800 σταλδοι,
472 1746 588 1799 δῶρα
619 1746 677 1801 τῷ
699 1747 868 1797 βασιλεῖ’
891 1745 1124 1791 στείλαντες
1151 1743 1359 1799 ᾐτήσαντο
1388 1740 1569 1799 εἰρήνην.
1602 1738 1711 1793 εἶξεν

354 1862 408 1896 10.
435 1863 500 1896 καὶ
523 1860 592 1895 add
619 1861 802 1895 Cramerus

258 1980 322 2003 nos
346 1968 483 2001 bellum
519 1965 671 2013 Cpolim*
690 1974 885 2012 gesserunt.
935 1967 992 2000 dei
1027 1972 1145 2000 autem
1184 1968 1292 2011 gratia
1316 1967 1429 1999 victus
1459 1977 1479 1999 a
1506 1966 1710 2009 Byzantinis

259 2016 368 2049 rediit
390 2016 521 2060 impius
546 2016 744 2055 exercitus,
771 2017 866 2048 etin
894 2015 1022 2048 itinere
1055 2026 1074 2046 a
1109 2013 1396 2058 Cibyraeotarum
1437 2014 1595 2046 exercitu
1637 2015 1709 2046 ite-

259 2074 336 2096 rum
372 2063 475 2095 armis
510 2063 615 2107 petiti
638 2068 675 2095 et
699 2063 805 2103 victi,
847 2067 940 2102 sunt,
985 2061 1135 2094 navibus
1171 2063 1252 2105 igne
1288 2060 1464 2093 maritimo
1505 2059 1710 2093 combustis.

257 2110 451 2144 Callinicus
477 2110 569 2141 enim
597 2108 810 2142 architectus
839 2108 982 2153 quidam
1012 2108 1055 2141 ab
1084 2107 1288 2153 Heliopoli‚
1318 2107 1438 2150 Syriae
1467 2106 1574 2146 urbe,
1599 2118 1709 2152 quum

254 2158 302 2189 ad
329 2158 502 2189 Romanos
530 2157 798 2199 transfugisset,
825 2156 941 2200 ignem
978 2154 1163 2188 humidum
1204 2155 1388 2187 inventum
1426 2154 1470 2186 iis
1506 2154 1644 2198 paravit
1672 2158 1711 2187 et

255 2203 409 2237 Arabum
446 2214 552 2235 naves
578 2203 787 2235 comburens
813 2214 882 2235 una
911 2214 989 2234 cum
1023 2201 1228 2234 hominibus
1263 2200 1430 2245 perdidit.
1478 2201 1528 2234 ita
1561 2201 1710 2234 Romani
1769 2204 1773 2208 ’

255 2261 383 2294 magna
408 2261 487 2282 cum
512 2250 661 2283 victoria
689 2250 884 2288 redierunt,
909 2250 990 2293 igne
1016 2247 1163 2281 humido
1191 2249 1352 2280 invento.

349 2297 502 2341 Ingressi
521 2301 641 2329 autem
661 2296 858 2330 mardaitae
873 2296 1044 2329 Libanum
1064 2299 1338 2339 occupaverunt.
1387 2299 1423 2327 et
1442 2293 1575 2327 Mavias
1602 2292 1709 2327 valde

258 2345 447 2378 exterritus
473 2344 607 2387 legatos
634 2344 730 2376 misit
754 2343 798 2375 ad
824 2354 951 2387 regem,
971 2353 1092 2387 pacem
1122 2346 1284 2386 petentes
1301 2365 1310 2380 ,
1338 2341 1539 2374 concedens
1573 2340 1709 2375 tributa

257 2402 388 2424 annua.
449 2401 530 2430 rex,
556 2389 682 2433 legatis
711 2390 854 2430 auditis,
880 2390 977 2422 misit
999 2400 1077 2421 cum
1111 2389 1155 2421 iis
1181 2389 1350 2421 Ioannem
1376 2389 1564 2432 patricium
1590 2387 1709 2421 Pitzo-

258 2437 419 2482 gabdem‚
444 2437 506 2482 qui
542 2436 672 2481 peritia
711 2442 747 2470 et
785 2435 979 2481 prudentia
1007 2440 1154 2468 ornatus
1182 2446 1260 2467 cum
1289 2434 1464 2467 Arabibus
1489 2435 1707 2480 loqueretur.

258 2497 367 2530 quum
393 2485 500 2516 huius
525 2483 750 2528 prudentiam
776 2489 813 2516 et
837 2493 987 2516 aeumen
1015 2483 1227 2514 mirarentur
1250 2481 1396 2523 Arabes,
1424 2482 1590 2514 convenit
1614 2481 1709 2514 inter

258 2543 329 2570 eos,
349 2531 512 2565 Romanis
526 2531 720 2575 quotannis
737 2530 811 2562 dari
834 2530 947 2562 millia
973 2528 1015 2561 10
1034 2529 1121 2570 auri,
1141 2540 1317 2563 servorum
1338 2534 1419 2561 octo
1442 2528 1568 2568 mima,
1584 2535 1707 2573 ‘equos

257 2590 447 2621 generosos
462 2577 518 2611 50.
543 2578 631 2610 haec
653 2588 766 2610 annos
790 2576 835 2609 30
861 2582 900 2608 ut
923 2576 1104 2615 darentur,
1131 2577 1363 2608 constitutum
1385 2581 1450 2616 est,
1468 2577 1519 2608 ita
1546 2581 1584 2607 ut
1599 2575 1706 2618 longa

257 2636 324 2668 pax
356 2630 450 2658 esset
474 2626 567 2658 inter
591 2623 721 2657 Arabes
749 2627 785 2656 et
809 2624 996 2655 Romanos.
1059 2621 1180 2655 eadem
1211 2624 1347 2655 ratione
1373 2622 1526 2665 Scythae
1549 2622 1585 2654 in
1613 2620 1708 2654 occi-

259 2671 365 2704 dente
391 2672 595 2706 habitantes
621 2676 657 2704 et
681 2669 867 2715 Chaganus
894 2675 930 2702 et
958 2680 1055 2713 reges
1094 2669 1144 2703 ibi
1172 2675 1361 2714 regnantes
1390 2675 1426 2703 et
1456 2666 1613 2703 Castaldi
1638 2666 1706 2700 do·
