1838 3132
291 169 363 207 DE
387 165 790 208 THESSALONJCA
817 165 851 208 Α
880 165 1088 207 ιΑΤιΝιε
1112 165 1302 208 CAPTA.
1426 158 1522 209 417

81 267 162 310 εἴτε
193 263 271 323 ῥήξ
299 265 380 309 εἴτε
405 266 620 320 τύραννος,
650 265 708 315 ὥς
735 263 774 307 οἱ
797 264 1015 308 Διονύσιοι
1042 267 1139 308 καθ’
1167 263 1353 322 ἱστορίαν
1378 267 1525 320 βεβαι·

81 335 228 374 οῦνται
255 334 329 375 καί
355 330 393 374 οἱ
425 331 678 386 Φαλάριδες,
705 333 779 374 καί
806 327 921 379 ὅσοις
947 334 994 374 δὲ
1023 327 1165 381 ἄλλοις
1192 331 1238 374 τὸ
1265 334 1356 374 ἐκεῖ
1375 326 1525 388 ἄρχειν

80 403 298 454 τυραννεῖν
335 398 408 439 καί
444 393 496 451 ἦν
529 399 601 439 καί
640 399 818 452 ἐλέγετο.
885 396 990 440 ἔνθα
1035 395 1056 438 ὖ
1098 400 1257 453 πρῶτος
1295 395 1403 452 πρὸςι
1425 399 1525 452 βίαν

80 463 289 518 κατάρξας
315 463 390 505 καί
414 462 458 506 τό
485 458 720 515 Ῥωμαϊκὸν
748 462 877 506 ἐκεῖνο
905 461 1138 519 κομητάτον
1156 467 1215 513 εἰς
1243 462 1420 520 ῥηγοίτον
1437 459 1526 517 με·

47 529 300 584 ὅταγράψας
321 531 526 584 Ῥογέριος
553 524 631 582 ἦν,
662 525 807 584 ῥέκτης
837 528 943 584 α’νήρ
967 529 1039 571 καί
1068 530 1125 587 τῷ
1157 525 1246 572 ὄντι
1276 530 1527 585 δραστήριος

80 593 152 636 καὶ
179 596 223 636 ἐν
247 600 335 644 τοῖς
363 596 494 636 ἐκεῖσε
521 593 676 650 πολλὴν
702 593 889 649 ἱστορίαν
909 595 1014 650 ὑπὲρ
1046 593 1201 637 ἑαυτοῦ
1228 595 1524 651 περικείμενος·

81 658 275 715 δεύτερος
304 662 350 703 δὲ
378 661 467 714 μετ’
495 662 649 702 ἐκεῖνον
693 662 766 702 καί
790 661 928 718 χρόνῳ
957 663 1029 702 καὶ
1052 662 1170 715 χειρί
1196 663 1269 703 καί
1293 661 1400 718 τύχῃ
1427 666 1526 710 παῖς

80 727 124 776 ἐξ
150 727 322 777 ἐκείνου,
355 722 432 767 οὒκ
461 721 540 767 οἶδ’
569 723 677 775 ὅπως
703 723 817 781 ἥκων
841 727 918 768 τοῦ
937 725 1245 779 ὀνομάζεσθαι·
1302 727 1323 768 ὁ
1356 729 1404 770 δὲ
1431 722 1526 782 ἄρτι

81 793 163 843 ζῶν
193 793 253 846 (Γ
249 791 435 844 ελίελμον
470 792 621 834 ἐκεῖνον
662 796 812 850 φασιν)
855 791 1192 847 μεγαλεπὴβολος
1227 796 1305 846 μὲν
1328 788 1401 848 τ’ἡν
1428 791 1527 849 ἔφε-

7 865 160 909 ἰοσιν,
189 855 482 911 μικροτελετής
513 858 561 898 δὲ
589 858 634 898 ἑν
662 861 755 907 ταῖς
785 859 1023 910 ἐπιβολαῖς·
1081 857 1200 912 ὀλίγα
1229 859 1306 912 μὲν
1333 856 1412 914 γάρ
1432 873 1526 900 τινα

80 914 431 976 η’νδραγαθιῖτατο,
465 920 515 964 τοὶ
546 921 674 965 πλείω
705 924 751 964 δὲ
780 920 960 964 ἔπταισε.
1026 922 1098 965 καί
1130 923 1188 972 ὥς
1213 926 1293 976 μὲν
1318 922 1425 966 κατὰ
1455 922 1527 978 τὴν

79 990 230 1041 σκέψιν
265 987 577 1041 Ἀριστοτέλους
614 989 674 1036 εἷς
701 989 913 1043 τριγονίαν
948 987 1000 1030 τὰ
1032 987 1164 1030 πολλὰ
1204 987 1250 1030 τὸ
1281 988 1527 1044 τυραννικὸν

81 1055 218 1109 φῦλον
259 1053 419 1095 ἀνθοῦν
460 1050 549 1096 εἶτα
585 1056 865 1109 μαραίνεται,
913 1052 1046 1108 συχνή
1094 1059 1218 1109 πεῖρα
1255 1055 1496 1110 παρέδειξεν
1515 1070 1526 1081 ·

81 1112 204 1168 οὗτος
230 1120 289 1174 δέ,
318 1113 380 1167 οἷς
410 1113 508 1173 ἄρτι
535 1119 725 1173 εὐτυχῶς
747 1116 883 1175 ἑαυτῷ
903 1120 1155 1172 ἐπέττευσεν,
1186 1118 1310 1162 οἴοιτο
1333 1117 1385 1162 ἂν
1413 1121 1526 1174 τάχα

26 1191 68 1225 15
82 1184 134 1225 οὕ
160 1182 291 1237 μόνον
334 1185 408 1225 ov’x
437 1183 722 1239 ἀπανθήσειν,
749 1187 889 1240 τρίτος
934 1182 993 1226 αἲν
1022 1185 1151 1235 αὐτὸς
1177 1188 1236 1244 τῷ
1261 1187 1385 1240 γένει,
1417 1184 1523 1227 ἀλλὰ

79 1249 152 1292 κατ’
174 1249 381 1303 κάρπιμος
414 1249 613 1292 ἔσεσθαι·
669 1249 780 1292 πάνυ
807 1249 888 1304 γάρ
917 1251 1034 1306 ἡμῶν
1060 1250 1379 1306 κατευτύχησεν.

183 1314 233 1358 Ὁ
275 1316 323 1357 δὲ
363 1311 438 1357 οὖν
463 1317 503 1357 Γ
501 1317 689 1368 ελίελμος
733 1310 855 1364 οὗτος
882 1315 998 1358 κότον
1035 1332 1078 1358 τε
1119 1312 1236 1370 οἶμαι
1271 1320 1436 1374 τρέφων
1465 1313 1528 1367 οἷς

79 1382 178 1424 ποτὲ
216 1380 238 1423 ὅ
283 1379 495 1437 Μανουῆλ
538 1380 872 1435 κατεστράτευσε
914 1384 987 1436 τῆς
1022 1383 1156 1423 αὐτοῦ
1186 1383 1258 1424 καί
1296 1382 1428 1426 πολλὰ
1456 1386 1527 1426 καί

81 1446 267 1502 ἐλύπησε
295 1445 367 1489 καί
403 1444 585 1502 ἔβλαψε,
615 1446 688 1488 καί
715 1443 804 1500 ἅμα
832 1446 906 1489 καί
946 1450 1080 1503 ζηλῶν
1110 1448 1310 1504 πατρικὴν
1342 1448 1412 1491 διὰ
1441 1452 1525 1491 θα-

22 1512 235 1568 amnicum
264 1513 398 1568 ὁρμήν
425 1528 525 1555 ποτε
565 1511 749 1554 παλαιὰν
781 1512 884 1555 κατὰ
926 1515 1003 1568 τῆς
1034 1515 1525 1568 Κωνσταντινουπόλεως,

77 1578 130 1634 ἢν
159 1578 181 1621 ὅ
219 1577 356 1634 πατήρ
400 1579 604 1634 ἀνήνυτον
642 1580 900 1633 ἐξετέλεσεν,
938 1578 1048 1632 ὁμοῦ
1076 1581 1123 1622 δὲ
1152 1582 1226 1622 καί
1249 1579 1440 1635 συνάψας
1466 1582 1526 1631 εἷς

79 1648 178 1688 νοῦν
206 1645 282 1700 τήν
319 1648 391 1688 καί
419 1644 490 1687 διὰ
539 1646 614 1701 γῆς
651 1646 724 1686 καί
749 1643 818 1687 διὰ
862 1643 1075 1702 θαλάττης
1111 1648 1288 1702 μελέτην
1312 1648 1389 1689 τοῦ
1420 1650 1523 1690 Μα-

174 1762 229 1797 10.
253 1758 563 1809 μικροτελεστὴςὶ)

79 1876 266 1914 tyrannus,
299 1875 340 1904 ut
366 1881 409 1904 ex
434 1870 582 1903 historia
622 1870 699 1903 noti
725 1874 807 1902 sunt
835 1869 996 1912 Dionysii
1031 1874 1068 1903 et
1093 1869 1309 1911 Phalarides‚
1335 1875 1372 1904 et
1398 1871 1427 1904 si
1454 1873 1517 1918 qui

78 1919 140 1951 alii
164 1918 217 1951 ihi
244 1918 399 1959 fuerunt,
424 1929 575 1963 quorum
611 1927 758 1960 regnum
784 1916 942 1959 tyrannis
974 1921 1011 1950 et
1035 1922 1112 1950 erat
1136 1923 1172 1950 et
1196 1917 1392 1950 dicebatur.
1443 1920 1518 1963 pri-

78 1976 154 1998 mus
187 1966 249 2010 qui
276 1966 351 1998 illic
383 1964 576 1998 violentius
613 1962 878 2002 dominaretur,
919 1968 1056 1997 mutato
1091 1965 1129 1997 in
1167 1975 1313 2007 regnum
1347 1965 1518 1999 comitatu

79 2013 248 2053 Romano,
278 2013 444 2056 Rogerius
469 2012 550 2051 fuit,
579 2011 632 2043 vir
654 2016 817 2043 strenuus
857 2015 893 2043 et
915 2021 1000 2043 sane
1027 2021 1134 2056 quam
1158 2011 1321 2056 impiger,
1347 2016 1383 2044 et
1410 2013 1447 2044 in
1474 2019 1516 2045 e'a

81 2059 222 2103 regione
257 2071 373 2093 rerum
407 2064 582 2102 gestarum
617 2057 729 2100 gloria
762 2057 1026 2099 ornatissimus3
1062 2057 1236 2090 secundus
1272 2064 1391 2091 autem
1431 2065 1514 2103 post

79 2105 181 2138 illum
203 2111 278 2139 tum
314 2112 473 2150 tempore
509 2111 584 2138 tum
607 2103 818 2137 fortitudine
853 2109 890 2136 et
917 2104 1059 2136 fortuna
1086 2105 1207 2137 nescio
1232 2106 1332 2138 cuius
1359 2106 1514 2139 nominis

79 2152 239 2186 eiusdem
263 2154 356 2186 filius
393 2153 481 2195 suit;
505 2151 567 2185 sed
592 2153 654 2197 qui
677 2163 773 2184 nunc
804 2150 892 2183 vivit
916 2150 1165 2196 (Wilhehuum
1196 2163 1277 2185 eum
1301 2153 1515 2197 nominant),

81 2199 312 2244 suscipiendis
339 2199 444 2232 rebus
473 2210 642 2243 maguus,
671 2196 896 2244 perficiendis
924 2197 1071 2242 exiguus
1097 2203 1170 2231 est:
1199 2210 1281 2231 nam
1310 2210 1422 2243 pauca
1449 2199 1513 2232 ad-

28 2272 31 2275 «
80 2245 223 2279 modum
246 2246 351 2287 bene,
375 2247 526 2292 plurima
553 2246 646 2278 male
685 2246 803 2289 gessit.
863 2245 998 2289 quippe
1026 2244 1123 2289 quod
1143 2245 1344 2279 Aristotelis
1369 2252 1515 2279 senten-

82 2293 188 2332 tiam,
223 2305 287 2338 per
315 2294 382 2326 tria
408 2304 536 2338 genera
561 2292 712 2325 familias
739 2292 849 2334 regias
891 2292 1102 2336 plerumque
1126 2290 1263 2330 florere.
1290 2293 1421 2325 deinde
1450 2305 1515 2326 ex-

80 2340 209 2383 tingui,
232 2351 336 2385 saepe
361 2340 605 2385 comprobavit
629 2339 862 2384 experientia,
900 2338 963 2370 ille
989 2344 1084 2371 certe
1107 2338 1252 2384 quidem
1278 2346 1423 2385 propter
1446 2339 1513 2372 bo-

80 2398 185 2427 nam,
223 2398 293 2432 qua
318 2399 424 2432 quum
452 2388 602 2420 maxime
635 2386 743 2426 lusit,
768 2386 947 2418 fortunam
972 2383 1163 2419 crediderit
1186 2386 1346 2426 fortasse,
1370 2387 1447 2419 sore
1475 2391 1516 2419 ut

80 2444 153 2466 non
177 2434 292 2467 solum
317 2445 388 2467 non
413 2433 633 2474 deflorescat,
658 2433 786 2466 tertius
814 2433 950 2477 quippe
982 2442 1133 2476 genere,
1159 2432 1222 2465 sed
1246 2433 1290 2465 ad
1318 2432 1516 2465 faciendam

81 2490 229 2513 messem
261 2485 482 2514 maturescat.
543 2481 675 2514 etenim
712 2479 879 2513 adversus
914 2489 978 2511 nos
1014 2478 1160 2524 quidem
1199 2491 1272 2512 rem
1315 2479 1516 2513 felicissime

81 2528 200 2571 gessit.

174 2585 239 2618 Hic
262 2585 368 2628 igitur
396 2584 608 2618 Wilhelmus
637 2590 713 2618 tum
740 2585 810 2624 ira,
837 2583 976 2628 opinor,
1003 2582 1178 2622 incensus,
1204 2582 1301 2628 quod
1328 2582 1414 2616 olim
1439 2583 1517 2617 Ma-

81 2631 166 2664 nuel
191 2632 378 2665 invasisset
403 2637 530 2664 terram
554 2643 674 2672 suam,
708 2641 857 2675 eamque
883 2629 1063 2663 afflixisset
1086 2635 1122 2663 et
1145 2634 1326 2670 vastasset,
1353 2635 1518 2663 tumex-

79 2677 299 2722 peditionem
323 2689 343 2710 a
370 2684 471 2723 patre
496 2679 581 2711 olim
606 2678 770 2711 adversus
797 2677 958 2722 Cpolim,
983 2687 1196 2722 quamquam
1226 2677 1365 2717 frustra,
1394 2688 1515 2711 susce-

81 2729 175 2769 ptam
212 2726 432 2766 aemulatus,
464 2726 639 2772 simulque
669 2726 791 2759 animo
815 2724 961 2757 volvens
998 2724 1175 2757 Manuelis
1210 2729 1246 2756 et
1278 2729 1445 2758 terrestre
1480 2729 1516 2758 et

148 2799 219 2834 Leo
254 2801 528 2834 Grammaticus.
1218 2796 1262 2830 27
