1838 3132
527 101 599 163 nis:
637 120 813 163 LEoNE
849 119 1064 162 BARDAE
1103 121 1148 162 r.
1454 112 1549 161 337

117 230 220 275 λεως
249 219 644 275 συνακολουθούσης
673 221 796 278 αὐτῷ,
826 221 898 261 καί
925 221 1172 274 Προκοπιάς
1196 217 1271 272 τῆς
1301 214 1573 271 Αὖγούστης·

115 292 190 344 τῆς
217 289 351 331 affro&
377 287 582 343 γυναικός,
609 287 778 343 ἐξῆλθεν
793 284 871 335 ἕως
897 283 1182 337 ἰα’κιὸούκτου,
1211 285 1422 333 ποιοῦντες
1451 291 1587 336 μαι-3

116 355 307 409 ουμοὶδας
333 357 406 396 καί
430 352 614 402 διδόντες
637 351 880 406 χαρίσματα
915 352 1014 400 τούς
1041 346 1245 405 ἄρχοντας
1260 352 1338 393 τοῦ
1364 352 1554 404 στρατοῦ,

115 418 436 475 παρακαλούσης
473 419 622 468 αὐτοὺς
663 420 736 471 τῆς
763 419 1007 471 Προκοπιάς
1046 418 1119 458 καί
1145 416 1243 473 περὶ
1272 414 1452 470 Μιχαὴλ
1479 417 1555 457 τοῦ

82 488 332 542 5βασιλέως,
359 485 660 541 διαφυλάττειν
687 480 818 523 αιῖτόν
850 482 922 523 καί
947 485 1112 524 σκέπειν
1138 485 1184 525 ἐν
1209 484 1267 540 τῷ
1294 484 1459 538 πολέμῳ
1487 482 1560 522 καί

115 553 396 606 ἀγωνίζεσθαι
437 550 543 604 ὑπὲρ
587 551 670 591 τοῖν
707 550 986 603 Χριστιανῶν.
1056 549 1247 590 κοίκεῖθεν
1283 546 1408 588 πάλιν
1451 544 1597 601 αὖτηΒ

117 615 380 671 ὑπέστρεψεν
410 618 454 658 ἐν
483 618 533 672 τῇ
557 617 686 656 πόλει.
744 616 815 655 καί
841 613 985 655 λοιπὸν
1012 612 1245 666 ἀπάραντες
1271 613 1432 655 ἐκεῖθεν
1462 608 1485 653 ὅ
1518 627 1560 654 τε

118 680 319 735 βασιλεῦς
355 683 428 723 καί
462 684 543 730 πᾶς
581 680 604 721 ὅ
640 679 742 731 λαὸς
771 678 1056 735 ἐγγυτόμησαν
1082 678 1160 727 ἕως
1185 677 1272 720 τῶν
1295 679 1559 732 κλεισουρῶν.

119 746 192 789 καί
219 745 270 802 δη
300 746 339 789 οἱ
371 746 609 800 Βούλγαροι
637 746 918 798 παρετάξαντο
947 746 1147 787 α’πενοίντι
1178 746 1330 799 αὐτῶν,
1357 743 1430 790 καί
1453 748 1560 786 θεω.

65 819 108 854 10
121 816 286 867 ροῦντες
313 813 359 857 τὸ
391 816 547 867 πλῆθος
575 815 648 854 τοῦ
677 814 784 853 λαοῦ
812 808 888 852 οὐκ
905 811 1136 866 ἐτόλμησαν
1163 813 1443 866 ἐπιχειρῆσαι,
1471 812 1561 852 ἄλλ’

119 883 286 921 ἵσταντο
329 878 699 933 παρατεταγμένοι.
765 877 918 930 ὁμοίως
959 879 1005 919 δὲ
1045 879 1118 918 καί
1158 876 1178 918 ὅ
1210 875 1310 924 λαός
1337 878 1409 918 τοῦ
1440 879 1562 928 βασι-

119 949 222 995 λέως
250 945 418 994 ἵσταντο
458 946 529 985 καί
563 945 688 985 αὐτοὶ
717 944 1066 997 παρατεταγμένοι
1102 942 1179 990 ἕως
1222 944 1390 998 ἡμερῶν
1416 943 1474 997 ιε’,
1503 941 1562 996 μὴ

119 1014 346 1064 τολμῶντες
373 1010 562 1064 α’λληλοις
589 1012 734 1062 βαλεῖ-ν
748 1014 884 1063 χεῖρα.
941 1010 1015 1050 καὶ
1040 1009 1187 1051 λοιπὸν
1217 1006 1565 1062 ἐταλαιπωρήθη-

119 1094 199 1120 σαν
228 1078 272 1119 ἐν
299 1079 356 1132 τῷ
383 1073 568 1118 καύσωνι
595 1075 811 1130 στήκοντες
845 1075 923 1115 τοῦ
950 1076 1102 1128 θέρους
1130 1074 1290 1129 ἡμέρας
1317 1076 1390 1116 καί
1417 1073 1566 1122 νυκτὸς

65 1150 108 1184 15
121 1147 164 1185 οἵ
188 1159 232 1185 τε
259 1139 477 1195 ἄνθρωποι
506 1142 579 1181 καί
606 1139 656 1183 τὰ
686 1141 824 1194 κτήνη,
853 1142 925 1181 καί
948 1135 1080 1194 ἦλθον
1109 1144 1168 1189 εἰς
1196 1139 1434 1194 ἀδυναμίαν
1463 1145 1566 1181 πολ-

121 1209 207 1264 λήν,
238 1210 549 1264 προσδοκῶντες
577 1203 640 1248 ὅτι
666 1205 703 1248 οἱ
734 1205 974 1260 Βούλγαροι
1014 1203 1128 1260 εἶχον
1158 1210 1302 1259 βαλεῖν
1327 1215 1466 1261 χεῖρα,
1496 1207 1569 1248 καί

118 1272 246 1317 πάλιν
284 1272 323 1316 οἱ
366 1273 607 1327 Βούλγαροι
636 1271 817 1325 ὁμοίως·
886 1274 959 1313 καί
987 1267 1037 1326 ἧν
1066 1272 1169 1313 ἰδεῖν
1199 1271 1357 1321 αὐτους
1384 1274 1428 1314 ὲν
1457 1272 1567 1326 α’μη-

116 1340 243 1397 χανίρι
283 1340 425 1394 πολλῇ.
482 1340 555 1380 καί
591 1338 641 1392 δη
691 1338 711 1379 ὃ
742 1336 947 1392 Ἀπλάκης
990 1333 1040 1391 ἦν
1077 1338 1148 1379 ἐπὶ
1182 1336 1226 1380 τὸ
1266 1336 1310 1380 ἓν
1341 1339 1468 1391 μέρος
1496 1340 1604 1392 τῆςΟ

120 1403 271 1460 ἄκρας,
317 1403 426 1459 ἔχων
473 1405 569 1454 τοὺς
612 1405 868 1452 Ιηακεὸόνας
900 1404 972 1444 καί
999 1402 1096 1451 τούς
1127 1404 1466 1459 Θρᾳκησιανούς,
1495 1402 1568 1444 καί

62 1477 108 1512 20
122 1473 246 1527 δηλοῖ
266 1469 340 1512 τὸν
370 1473 546 1523 βασιλέα
579 1468 682 1518 “ἓ’ως
699 1467 796 1510 πότε
825 1467 1030 1522 στήκομεν
1057 1469 1130 1510 καί
1154 1469 1429 1522 ἀπολλύμεθα
1439 1486 1454 1521 ,·
1483 1467 1563 1522 ἐγώ

120 1539 282 1592 πρῶτος
320 1538 462 1590 βάλλω
500 1541 626 1590 χεῖρα
669 1536 741 1577 ἐπί
780 1537 836 1592 τῷ
867 1531 1038 1587 ὂνόματι
1070 1537 1146 1576 τοῦ
1188 1537 1318 1587 θεοῦ,
1348 1535 1420 1577 καί
1444 1535 1568 1577 αὐτοὶ

118 1602 227 1656 μετὰ
253 1604 494 1657 προθυμίας
520 1602 802 1642 έπεισέλθατε.
868 1603 941 1642 καί
969 1599 1121 1654 ἔχομεν
1152 1603 1341 1655 νικῆσαι·
1397 1602 1566 1650 πλείους

119 1668 199 1723 γάρ
227 1670 367 1710 αυ“ταῖν
408 1668 532 1720 ἐσμὲν
571 1665 895 1708 ὁέκαπλασιίον.”
951 1665 1008 1716 ὥς
1039 1664 1110 1708 καὶ
1138 1662 1204 1722 ἦν.
1232 1666 1306 1709 καί
1334 1667 1565 1722 ἀρξάμενος

213 1789 271 1824 23.
298 1789 556 1835 δεκαπλασίῳῖ

122 1897 205 1925 runt
231 1902 343 1937 usque
369 1890 414 1924 ad
439 1901 553 1936 aquae
580 1890 736 1931 «luctum,
763 1890 863 1924 velut
902 1891 1032 1925 festum
1054 1893 1212 1927 solemne
1237 1893 1472 1935 celebrantes,
1498 1906 1562 1928 ex-

123 1940 325 1983 ercitusque
349 1939 528 1983 principes
558 1938 680 1982 gratiis
710 1943 746 1970 et
759 1937 964 1972 muneribus
1000 1940 1233 1979 cumulantes,
1263 1951 1323 1974 eos
1350 1941 1563 1974 adhortante

124 1986 293 2031 Procopia
319 1986 567 2030 imperatorem
593 1984 806 2017 Michaelem
832 1985 989 2020 studiose
1018 1986 1195 2020 custodire
1223 1997 1375 2033 eumque
1400 1989 1436 2021 in
1462 1988 1561 2021 bello

121 2037 307 2078 protegere
334 2038 369 2064 et
390 2043 454 2077 pro
482 2031 690 2064 Christianis
722 2030 921 2074 decertare3
948 2038 985 2066 et
1008 2034 1092 2067 inde
1119 2045 1255 2067 reversa
1281 2041 1333 2067 est
1359 2035 1396 2067 in
1423 2034 1560 2067 urbem.

122 2085 279 2112 ceterum
305 2078 388 2112 inde
418 2079 598 2111 solventes
623 2079 817 2123 imperator
839 2084 874 2111 et
902 2080 1016 2113 omnis
1049 2081 1202 2126 populus
1229 2082 1563 2127 appropinquarunt

122 2137 234 2172 usque
260 2125 304 2158 ad
335 2126 486 2158 limitem
509 2130 546 2158 et
590 2125 829 2169 angustiarum
862 2137 968 2158 arces.
1030 2128 1170 2171 Bulgari
1198 2128 1307 2161 etiam
1334 2128 1476 2162 stabant
1500 2140 1560 2161 or-

122 2173 233 2206 dinati
258 2184 300 2205 ex
330 2172 476 2205 adverso
503 2183 636 2212 eorum,
661 2172 806 2217 visaque
835 2173 1008 2205 exercitus
1036 2174 1265 2208 multitudine
1284 2186 1357 2208 non
1379 2181 1462 2208 sunt
1484 2175 1562 2208 ausi

123 2231 183 2252 eos
208 2218 361 2263 aggredi,
391 2219 452 2252 sed
468 2219 609 2253 stabant
634 2219 804 2251 instructa
829 2220 919 2252 acie:
945 2219 1107 2253 similiter
1132 2226 1168 2255 et
1191 2223 1316 2267 copiae
1341 2223 1562 2267 imperatoris

123 2265 267 2299 stabant
297 2265 481 2298 ordinatae
505 2277 569 2311 per
585 2265 789 2311 quindecim
811 2264 897 2306 dies,
924 2277 996 2299 non
1016 2278 1122 2300 ausae
1147 2269 1296 2301 invicem
1320 2279 1444 2302 manus
1473 2281 1562 2302 con-

120 2323 250 2347 serere.
275 2311 415 2344 demum
438 2314 611 2345 aerumnis
632 2312 800 2352 confecti,
827 2315 970 2346 aestatis
992 2318 1151 2359 tempore
1166 2316 1340 2348 caloribus
1364 2315 1563 2349 immodicis

122 2359 184 2393 diu
205 2365 387 2404 noctuque
411 2360 564 2404 expositi
589 2355 750 2392 homines
776 2359 909 2403 pariter
935 2365 971 2392 et
995 2361 1162 2402 iumenta,
1188 2367 1380 2395 extremam
1402 2374 1495 2407 pene
1524 2363 1562 2397 in

122 2407 315 2451 perniciem
334 2404 478 2445 redacti,
498 2407 643 2439 Romani
669 2407 705 2438 in
721 2406 888 2449 Bulgaros
907 2406 1171 2451 impressionem
1200 2409 1354 2442 facturos
1370 2415 1408 2442 et
1420 2410 1574 2453 Bulgari,

121 2453 276 2485 vicissim
287 2455 461 2485 Romanos
484 2453 520 2485 in
541 2463 576 2485 se
596 2453 794 2497 irrupturos
819 2452 1027 2497 sperabant:
1054 2466 1163 2500 quare
1195 2457 1366 2488 attonitos
1391 2462 1427 2489 et
1452 2457 1576 2491 animi,

121 2500 247 2532 anxios
272 2510 315 2532 ex
340 2504 492 2544 utraque
515 2503 613 2544 parte
641 2510 785 2533 cernere
811 2499 952 2532 licebat.
1001 2501 1150 2546 Aplaces
1172 2502 1281 2546 igitur
1304 2502 1350 2534 ad
1367 2508 1563 2537 extremam

122 2546 297 2579 exercitus
322 2546 413 2578 alam
447 2545 658 2579 Macedones
679 2551 730 2587 ⁴et
766 2545 1024 2580 Thracesianos
1059 2548 1124 2582 sub
1156 2560 1193 2582 se
1229 2548 1363 2582 habens
1387 2550 1563 2594 significat

120 2593 328 2638 imperatori
351 2597 565 2638 “quousque
588 2591 731 2626 tandem
756 2598 886 2626 stamus
904 2593 1036 2627 inertes
1055 2600 1093 2628 et
1116 2595 1310 2641 perniciem
1335 2598 1562 2641 quaerimus?

123 2650 188 2684 ego
211 2639 345 2685 primus
370 2639 407 2671 iu
434 2639 577 2672 nomine
620 2639 754 2673 domini
781 2651 903 2672 manus
938 2651 1097 2675 consero.
1146 2653 1208 2675 vos
1237 2641 1405 2676 audacter
1430 2643 1562 2686 adeste,

124 2691 160 2719 et
183 2691 304 2719 nostra
329 2685 396 2718 erit
420 2686 585 2718 victoria:
620 2685 773 2732 decuplo
811 2686 944 2732 quippe
971 2687 1092 2733 plures
1116 2692 1372 2721 numeramur.¹’
1420 2696 1457 2725 et
1480 2703 1562 2726 vere

209 2743 280 2780 Leo
305 2743 581 2780 Grammaticus.
1258 2745 1304 2779 22
