1838 3132
313 152 410 204 384
866 161 1197 204 Ens'rA'rmns

313 261 600 312 ἀνυποστόλως
639 262 909 315 διακειμένων
952 260 1107 318 αἴφνης
1143 260 1190 303 τὸ
1230 260 1353 302 κακὸν
1385 260 1637 317 καταρᾰξαι,
1663 265 1750 306 καί

306 331 598 381 συλλαβέσθαι
639 327 713 369 καί
746 327 901 377 αὐτούς
918 362 930 382 ,
959 324 1015 376 ὡς
1044 324 1096 369 ἂν
1124 325 1230 369 οὕτω
1258 326 1305 367 τὸ
1335 324 1515 381 ἑσπέρας
1541 329 1747 384 αὐλισθῆ-

313 411 434 436 σεται
460 396 702 447 ἀγαλλίασις
718 397 818 447 παρ’
838 395 980 443 αὐτοῖς
1000 396 1070 436 καί
1095 392 1138 436 τὸ
1158 394 1271 447 πρωῒ
1293 395 1510 447 κλαυθμός
1536 395 1604 435 ἀπ’
1628 397 1746 438 ἐναν-

311 461 401 508 τίας
428 462 485 515 τῷ
513 459 725 511 ψάλλοντι.
783 460 855 500 καί
874 455 980 502 οὕτω
1010 461 1087 512 μὲν
1114 457 1139 513 ἧ
1168 458 1290 500 κακία
1315 461 1574 512 ἐπικρύπτειν
1601 456 1748 515 ἤθελεν

313 521 485 578 ἑαυτήν·
542 524 599 573 ὥς
631 527 679 566 δὲ
723 523 748 578 ἦ
783 525 934 567 σποδιοὶ
966 520 1046 576 ὦζε
1075 528 1192 567 θειόυ
1230 526 1302 565 καί
1329 523 1354 578 ἡ
1383 524 1490 580 ὄδμη
1520 525 1781 581 κατεμήνυεῦ

312 591 396 643 πῦρ
428 588 622 642 κρύπτειν
661 593 844 645 σκηπτοῦ
881 591 1075 645 ὀλεθρίου
1118 593 1190 632 καί
1218 591 1291 632 οὔκ
1319 585 1370 645 ἦν
1402 590 1558 647 λαθεῖν,
1585 589 1749 644 μανθά-

311 671 430 697 νουσι
461 655 537 710 τὴν
577 654 803 711 ἐπιβουλὴν
835 656 875 698 οἱ
903 658 1146 712 Καίσαρες,
1175 656 1247 698 καί
1274 658 1502 712 ἀπέριττοι,
1537 658 1594 706 ὥς
1624 653 1751 711 εἶχον,

311 722 542 776 φεύγουσιν
570 724 629 770 εἰς
659 722 703 763 τὸ
735 725 809 775 τῆς
837 725 1032 778 μεγίστης
1058 725 1133 764 τοῦ
1157 725 1262 764 θεοῦ
1289 726 1450 777 Σοφίας
1477 719 1752 776 εὖαγέστατον

311 789 502 839 τέμενος,
534 783 689 829 ἄσυλον
723 787 826 830 αὐτὰ
870 785 1019 836 εἰδότες
1053 789 1126 829 καί
1149 791 1252 829 πᾶσι
1277 787 1510 840 προσώποις
1533 789 1749 842 α’βὲβηλονι

313 852 607 894 διαπετάννυσι
633 853 708 902 τοὶς
739 852 922 907 α’γκοὶλας
953 855 1095 902 αὐτοῖς
1125 851 1145 894 ὃ
1176 852 1218 895 ἐν
1239 855 1485 909 α’ρχιερεῦσι
1509 854 1747 907 πρωτεύων·
1765 866 1807 901 10

314 924 590 973 περιποιεῖται
634 919 689 967 ὥς
718 922 811 972 ε’ξῆν
832 934 842 943 ·
900 922 1073 962 δίδωσιν
1113 918 1377 961 α’νοέπαυσιν·
1433 921 1586 961 λεαίνει
1617 919 1752 974 λόγοις

312 1000 357 1025 τε
385 990 470 1033 τοῖς
506 984 610 1039 πρὸς
642 988 888 1037 παρμυθιάν
920 988 992 1027 καί
1017 984 1176 1040 ἔργοις,
1222 983 1277 1034 ὥς
1306 982 1417 1038 εἶχεν
1446 985 1603 1038 ἰσχύος.
1661 981 1752 1038 εἶχε

312 1042 374 1102 δέ,
405 1047 484 1091 ὅσα
513 1052 585 1091 καί
614 1050 749 1104 πατὴρ
783 1049 912 1105 ἅγιος.
941 1051 1047 1104 ὑπὲρ
1085 1051 1284 1106 ἄληθείας
1311 1053 1528 1106 φίλαθλος.
1557 1052 1609 1091 ου’
1634 1052 1754 1105 διῆλ-

313 1119 365 1157 θε
392 1118 465 1170 τῆς
493 1117 653 1170 ἡμέρας
690 1115 821 1171 πολύ,
851 1116 923 1158 καί
950 1115 988 1158 οἱ
1030 1120 1101 1170 τῆς
1138 1116 1352 1170 δεσποίνης
1392 1115 1562 1170 ἔτρεχον
1590 1119 1650 1165 εἰς
1676 1114 1753 1170 τήν

314 1180 549 1236 ἁγιωτάτην
575 1181 758 1236 μεγάλην
786 1182 1003 1236 ἐκκλησίαν
1033 1183 1134 1225 ὡσεί
1162 1182 1234 1224 καί
1259 1185 1478 1236 κυνηγέται
1506 1183 1612 1224 κατά
1642 1197 1750 1231 τινος
1765 1193 1809 1227 15

314 1248 532 1301 α’ξιολόγου
559 1243 710 1302 ἷῖγρας,
739 1250 868 1289 εἰπεῖν
903 1249 1191 1302 μετριώτερον.
1251 1247 1322 1289 καί
1349 1248 1566 1302 εὑρηκότες
1595 1248 1647 1290 τὰ
1676 1250 1754 1300 μὲν

312 1314 498 1369 ᾐτιῶντο,
532 1315 572 1356 εἰ
597 1312 698 1355 κατὰ
728 1315 858 1367 μηδὲν
889 1313 1022 1356 αἴτιον
1054 1313 1190 1370 φόβου
1221 1312 1386 1369 ἔφυκον,
1415 1314 1465 1355 τοὶ
1493 1315 1540 1355 δὲ
1567 1311 1754 1366 παρεκά-

314 1383 413 1420 λουν
441 1381 516 1421 τοῦ
543 1382 750 1435 σφετέρου
781 1378 906 1422 πάλιν
935 1382 1067 1430 ἀδεῶς
1096 1378 1210 1422 οἴκου
1241 1384 1448 1435 γεςὲσθαι,
1470 1383 1755 1434 παραπλέκον.

315 1460 383 1493 τες
414 1450 500 1494 τοῖς
548 1446 685 1500 λόγοις
721 1448 792 1487 καί
815 1445 871 1494 ὥς
915 1445 1093 1489 δύσνουν
1121 1446 1323 1487 ὑπόνοιαν
1351 1445 1666 1497 ἀποπέμπουσιν
1693 1441 1755 1495 οἷς

316 1508 428 1552 οὕτω
453 1512 756 1564 δραπετεύουσι
773 1547 784 1564 ,
811 1517 903 1561 ταῖς
942 1514 988 1554 δὲ
1015 1511 1230 1560 τοιαύταις
1264 1512 1440 1560 ἐννοίαις
1473 1513 1546 1552 καί
1570 1511 1753 1566 ε’μφ’σεις
1764 1524 1811 1559 20

315 1576 634 1628 ὖποσκιοίζοντες
662 1580 815 1633 βουλῆς
849 1579 924 1620 ούκ
953 1579 1115 1634 α’γαθῆς
1143 1581 1206 1620 ἐπ’
1235 1578 1398 1626 αὐτοῖς·
1453 1573 1530 1619 οὔκ
1558 1575 1646 1630 ἔχει
1671 1574 1753 1630 γὰρ

315 1642 360 1684 τὸ
391 1642 500 1685 πάνυ
529 1645 797 1696 θυμούμενον
820 1647 1037 1700 σταθερῶς
1069 1644 1335 1700 ἑπικρύπτεῖν
1362 1642 1504 1698 ἑαυτό,
1536 1640 1643 1685 emti
1670 1656 1753 1683 που

317 1825 413 1858 haud
440 1825 616 1870 simplices
643 1829 765 1870 aperte
791 1825 1048 1865 moliebantur,
1083 1824 1180 1870 quod
1205 1824 1445 1864 decreverant,
1472 1823 1591 1857 subito
1614 1824 1752 1858 facinus

315 1878 455 1917 patrare
497 1878 532 1904 et
556 1872 638 1904 illos
684 1883 826 1916 quoque
873 1871 1196 1917 comprehendere,
1221 1877 1260 1904 ut
1287 1883 1430 1916 vespere
1452 1871 1632 1904 habitaret
1656 1870 1752 1915 apud

317 1930 377 1951 eos
405 1919 555 1959 laetitia,
583 1930 685 1951 mane
707 1919 922 1955 lamentatio.
949 1924 1072 1951 contra
1098 1929 1190 1963 quae
1210 1919 1388 1963 psalmista
1413 1919 1518 1951 canit.
1569 1923 1677 1962 atque
1703 1918 1752 1950 ita

316 1965 459 2011 quidem
481 1966 634 2010 pravitas
670 1966 786 1998 celare
815 1976 852 1998 se
877 1977 979 2010 posse
1014 1965 1199 2009 sperabat3
1239 1965 1300 1997 sed
1325 1976 1432 2009 quum
1458 1965 1642 1997 suboleret
1664 1965 1752 1997 cinis

315 2013 460 2050 sulfuris
476 2038 485 2053 ,
513 2018 549 2045 et
573 2012 682 2044 odore
708 2012 776 2045 isto
803 2013 864 2056 qui
890 2014 1128 2045 occultaretur
1151 2012 1356 2057 praecipitis
1382 2012 1551 2055 perniciei
1577 2011 1668 2054 ignis
1696 2011 1753 2042 in·

315 2059 506 2099 dicaretur,
533 2070 598 2091 nec
625 2065 746 2104 posset
789 2059 912 2099 latere,
940 2060 1163 2103 comperiunt
1198 2058 1344 2091 insidias
1372 2058 1550 2093 Caesares.
1577 2069 1616 2090 ac
1640 2055 1751 2090 nullis

315 2106 420 2139 rebus
450 2106 635 2144 instructi,
663 2106 824 2149 fugiunt,
861 2111 900 2138 ut
924 2111 1046 2147 erant,
1089 2105 1132 2138 ad
1164 2106 1335 2150 templum
1362 2105 1628 2148 potentissimae
1656 2103 1751 2149 apud

314 2151 420 2185 deum
445 2151 599 2198 Sophiae
624 2158 895 2192 sacrosanctum,
922 2152 1019 2197 quod
1052 2153 1186 2195 asylum
1217 2157 1252 2184 et
1275 2152 1409 2184 cunctis
1437 2151 1648 2184 inviolabile
1673 2161 1751 2188 esse

313 2200 455 2232 scirent.
505 2197 668 2231 obtendit
703 2199 777 2231 illis
804 2199 946 2231 brachia
991 2199 1210 2232 sacerdotum
1239 2198 1430 2241 princeps;
1459 2197 1569 2231 officia
1594 2202 1752 2243 praestat

312 2257 377 2292 pro
403 2245 559 2287 viribus3
590 2245 747 2289 requiem
785 2252 903 2290 ραι-ειη
933 2245 1071 2279 delenit
1104 2251 1177 2277 tum
1200 2245 1316 2277 verbis
1343 2244 1388 2276 ad
1415 2245 1670 2278 consolandum
1694 2244 1752 2277 sa·-

313 2294 392 2333 ctis,
416 2298 490 2326 tum
515 2291 699 2324 beneficiis
726 2292 898 2333 dolorem,
928 2294 978 2325 uti
1006 2297 1135 2337 potest.
1185 2296 1259 2323 erat
1286 2290 1393 2330 idem,
1418 2293 1516 2325 velut
1541 2297 1602 2337 pat
1628 2303 1642 2324 r
1666 2295 1751 2324 san-

314 2345 402 2378 ctus,
432 2351 495 2383 pro
521 2350 603 2372 vero
636 2338 681 2370 ad
713 2339 918 2372 certandum
957 2344 1110 2384 paratus.
1171 2337 1266 2370 haud
1290 2339 1438 2370 multum
1464 2338 1536 2371 diei
1560 2303 1750 2378 ellfuxerat,

314 2398 424 2430 quum
447 2386 679 2429 imperatricis
715 2387 870 2419 ministri
906 2387 942 2418 in
967 2386 1218 2418 sanctissimam
1245 2396 1403 2428 magnam
1433 2385 1616 2418 ecclesiam
1639 2384 1750 2417 advo-

315 2433 451 2473 larunt,
475 2437 682 2465 venatorum
708 2434 816 2465 instar
841 2433 1001 2465 eximiam
1038 2432 1303 2476 insequentium
1331 2432 1501 2472 bestiam,
1527 2437 1567 2465 ut
1591 2431 1750 2464 modeste

316 2479 449 2520 ‹licam3
474 2484 705 2523 repertosque
732 2480 857 2522 partim
877 2478 1100 2518 accusabant,
1127 2477 1235 2523 quod,
1261 2490 1369 2522 quum
1397 2489 1467 2511 non
1486 2483 1589 2518 esset,
1619 2489 1680 2511 cur
1702 2477 1750 2510 ti-

314 2531 454 2559 merent
478 2526 560 2566 sibi,
585 2525 768 2568 fugissent,
796 2528 920 2569 partim
947 2524 1227 2558 exhortabantur
1243 2550 1251 2564 ‚
1280 2530 1320 2557 ut
1343 2526 1456 2563 securi
1482 2525 1625 2557 domum
1653 2523 1750 2556 redi-

315 2578 405 2612 rent,
429 2573 544 2605 verbis
572 2572 654 2604 illos
674 2573 890 2613 irretientes,
915 2585 984 2617 quo
1012 2573 1137 2604 malam
1174 2572 1410 2615 suspicionem
1436 2573 1595 2615 fugitivis
1617 2571 1751 2604 exime-

314 2625 404 2658 rent,
429 2619 492 2652 sed
518 2619 582 2652 tali
609 2620 744 2651 ratione
772 2620 875 2651 etiam
903 2618 1152 2652 adumbrantes
1179 2619 1280 2663 quasi
1306 2618 1401 2651 haud
1427 2618 1513 2651 boni
1531 2617 1670 2650 consilii
1694 2617 1751 2648 in·

315 2665 418 2697 dicia.
447 2665 611 2698 nimirum
637 2666 774 2698 animus
800 2667 849 2697 ira
871 2666 1008 2698 fervens
1032 2665 1209 2698 occultare
1234 2676 1271 2698 se
1299 2671 1503 2698 constanter
1525 2664 1663 2709 nequit,
1687 2661 1750 2695 sed

315 2712 488 2758 erumpit,
513 2711 611 2758 quod
643 2712 737 2745 intus
777 2718 940 2753 aestuat,
966 2713 1064 2746 velut
1091 2710 1226 2757 typhon
1268 2711 1518 2745 subterraneus
1544 2710 1747 2744 vehemens.
