1838 3132
265 128 362 180 410
821 139 1153 183 EUSTATfflus

264 239 322 294 tegi
348 235 634 292 κωμικώτερον
660 236 703 279 τό
734 240 883 290 *ιηαῖζε
915 242 1027 292 παῖζ’
1058 241 1129 282 ἐπί
1155 245 1435 297 συμφοραῖς,”
1462 241 1588 293 αὐτὸς
1618 241 1700 298 ἔφη

263 301 335 344 καί
361 303 595 357 ποδοκὰκην
622 302 694 345 καί
720 307 973 358 χειροπέδας
1011 305 1084 348 καί
1111 305 1249 348 κλοιὸν
1286 309 1603 363 περιτραχήλιον
1629 307 1704 350 καὶ

261 364 337 410 ὅσα
368 368 509 410 τοιοίδε
532 368 863 424 μηχανήσασθαι
891 373 950 428 τῷ
969 374 1190 429 Κομνηνῷ,
1220 374 1273 414 δι’
1306 368 1365 416 ὧν
1391 376 1602 428 κατέχοιτο
1629 369 1696 416 ἄν.

261 431 375 476 εἶπεν
420 437 570 482 ἐκεῖνος
604 437 768 488 ταῦτα,
801 436 871 478 καί
897 435 934 478 οἱ
973 438 1119 480 πολλοὶ
1156 438 1360 493 α’φεαᾶρων
1391 438 1495 494 πρὸς
1519 437 1702 482 ἐπίνοιάν

259 516 368 549 τινος
394 499 686 554 χαλκεύματος
713 503 786 544 καί
812 507 927 553 “nuk
952 502 1073 546 ἔσται
1092 507 1224 548 ταῦτα
1241 507 1275 558 ;”
1306 503 1456 559 ἔλεγον.
1513 502 1535 546 ὅ
1564 506 1603 546 δ’
1628 505 1733 547 eti-5

260 565 343 614 θὺς
375 567 610 621 πλαγιάσας
638 567 682 610 τὸ
714 570 785 622 τῆς
814 572 996 626 κεφαλῆς
1022 570 1233 625 κάλυμμα,
1264 571 1336 613 καί
1361 571 1435 626 τὴν
1462 570 1601 622 δεξιὰν
1627 572 1700 612 sv‘-

259 635 430 680 θετίσας
466 633 526 683 εἰς
568 634 710 688 α’έριον
737 635 964 691 σταυρικὸν
994 635 1221 691 χάραγμα,
1251 643 1498 692 κατακροτεῖ
1521 636 1701 691 δεσμούς

260 695 356 745 τούς
385 698 640 754 (induamus,
682 702 754 742 καί
781 703 1034 757 α’μφιβαλών
1059 702 1310 758 ἱεραρχικαῖς
1339 705 1479 756 ἐπέχει
1510 701 1584 746 τὸν
1611 704 1700 746 Ἀν-

260 763 476 817 δρόνικον,
513 765 585 806 καὶ
625 767 820 822 ἀφορίζει
856 766 946 810 ὅποι
975 763 1073 823 εὗρε
1096 771 1296 823 μένοντα,
1329 771 1401 811 καί
1428 768 1701 823 κατασκήπτει

258 827 317 883 μη
369 825 421 872 ἂν
467 832 639 886 α’φεῖναι
677 831 751 886 τὴν
789 834 908 876 πόλιν
946 833 1020 876 καί
1059 829 1187 890 ἄλλην
1224 836 1447 891 τραπῆναι.
1514 834 1535 876 ὅ
1567 836 1614 878 δὲ
1642 834 1700 884 (ὃς
1714 839 1758 875 10

260 893 469 949 ἀβούλητα
499 899 627 952 δῆθεν
670 899 822 942 παθών
849 903 1105 954 καταβοᾶται
1132 902 1208 943 τοῦ
1233 901 1500 957 πατριάρχου
1527 897 1598 945 οἶα
1626 898 1700 943 οὕ-

243 958 318 1003 ’τω
347 961 658 1017 καταδήσαντος
675 964 744 1006 τὸν
771 968 937 1020 τρέχειν
963 966 1150 1020 ἕτοιμον·
1206 966 1279 1010 καί
1305 963 1467 1020 “efficat”
1492 970 1610 1023 φησί,
1632 968 1704 1011 “τι’

258 1033 404 1079 ποιεῖς,
435 1029 614 1071 δέσποτα
624 1033 665 1082 ,·”
693 1030 766 1073 καί
794 1030 929 1086 συχνὰ
949 1035 1069 1075 τοῦτο
1097 1032 1377 1089 λογοκοπήσας
1401 1028 1561 1076 ἄνεισιν
1582 1032 1699 1087 ’ὗψοῦ

257 1093 464 1144 στενάζων
493 1094 551 1144 ὥς
577 1097 649 1137 ε’πί
672 1097 838 1154 μεγάλῳ
868 1100 992 1155 κακῷ.
1062 1098 1135 1141 καί
1165 1097 1186 1141 ὅ
1216 1099 1481 1156 πατριάρχης
1511 1098 1699 1142 ὗπειπών

256 1157 303 1201 τοὶ
335 1161 530 1202 δοκοῦντα
550 1159 749 1216 ἡσύχαζε.
892 1182 894 1184 ·
1711 1170 1755 1205 15

366 1227 459 1267 Και1
482 1228 556 1268 τοῦ
583 1229 748 1279 λοιποῦ,
780 1228 925 1284 ἵναμή
957 1229 1033 1284 τὴν
1063 1228 1262 1284 κοσμικὴν
1291 1230 1442 1286 ἀηδίαν
1469 1232 1697 1284 α’δολεσχῶ,

255 1292 416 1344 γίνεται
453 1293 536 1334 ταῖν
576 1296 711 1334 κακῶν
744 1293 899 1348 δρόμος
937 1295 996 1343 εἷς
1035 1293 1107 1337 τὸν
1136 1298 1352 1351 περίδοξον
1379 1295 1480 1338 ναὸν
1513 1298 1590 1339 τοῦ
1615 1313 1698 1339 σω-

255 1359 377 1409 τῆρος
405 1360 600 1413 Χριστοῦ·
634 1361 710 1401 τοῦ
736 1362 958 1414 χαλκίτου,
999 1363 1070 1402 καί
1097 1362 1287 1417 εὐφημία
1331 1363 1406 1404 τοῦ·
1432 1363 1697 1416 Ἀνδρονίκου

255 1417 425 1472 ἄκοντος
469 1426 528 1473 εἰς
555 1427 759 1482 βασιλέα,
789 1426 846 1476 ὡς
884 1426 936 1468 ἄν
968 1429 1042 1470 καί
1074 1426 1198 1469 αὐτοὶ
1231 1429 1303 1470 καί
1335 1430 1486 1478 ἐκεῖνος
1515 1426 1695 1470 εἴποιεν·

254 1486 346 1531 εἶτα
372 1491 444 1532 καί
486 1492 559 1544 βία
588 1493 648 1540 εἰς
697 1494 870 1546 ἐκεῖνον,
900 1493 957 1542 ὥς
995 1495 1067 1535 καί
1090 1493 1149 1548 μή
1183 1495 1340 1536 ἐθέλων
1369 1492 1549 1549 α’ρχηγὸς
1577 1494 1750 1548 ἧμῶῗνῖθ

254 1558 389 1610 γενοῦ,
420 1557 489 1598 καί
513 1560 727 1611 περίθεσις
755 1559 1017 1614 παρασήμων
1062 1562 1114 1616 τῇ
1146 1561 1338 1617 βασιλείᾳ
1367 1562 1557 1612 πεδίλων,
1587 1561 1694 1602 ἐκεί..

255 1637 327 1663 νου
356 1622 414 1676 μὴ
455 1626 735 1673 καθιστῶντος
771 1624 869 1675 τοὺς
901 1624 1058 1681 πόδας,
1090 1626 1162 1667 καί
1197 1628 1413 1679 περίδυσις
1436 1627 1696 1681 διαδήματος

254 1691 326 1729 καί
354 1689 474 1743 ῥῖψις
500 1693 578 1742 μὲν
607 1693 809 1732 καπνικοῦ
834 1691 1099 1744 καλύμματος
1140 1694 1215 1733 τοῦ
1245 1692 1344 1746 περὶ
1372 1690 1568 1747 κεφαλήν,
1593 1688 1692 1744 ὅπερ

252 1753 453 1806 Λαζόθεν
490 1752 579 1809 εἶχε
625 1756 698 1810 τὴν
735 1757 932 1812 α’φορμήν
960 1760 1019 1807 εἰς
1058 1757 1266 1812 σύμβολον
1296 1752 1354 1800 ὧν
1385 1756 1528 1811 ἔμελλε
1554 1758 1694 1814 καπνῷ

253 1951 325 1979 rata
342 1947 473 1981 habere
492 1947 534 1980 ad
553 1949 775 1982 retinendum
797 1949 1027 1984 Comnenum.
1054 1950 1181 1996 quibus
1197 1950 1342 1991 auditis,
1364 1950 1618 1996 exspectabant
1635 1951 1691 1985 ini

251 1995 429 2027 vinciendi
455 1995 655 2036 consilium,
683 1997 948 2042 rogabantque,
972 1998 1059 2042 quid
1096 1997 1237 2031 tandem
1264 1997 1360 2030 istud
1384 1998 1488 2031 foret.
1538 1998 1602 2031 ille
1627 2009 1690 2030 au-

252 2047 334 2082 tem,
356 2042 460 2074 mitra
485 2042 582 2075 illico
612 2043 717 2087 capiti
742 2049 935 2076 transverse
961 2046 1137 2090 imposita,
1163 2051 1199 2078 et
1222 2045 1344 2077 dextra
1361 2043 1404 2076 ad
1431 2044 1543 2077 crucis
1571 2045 1690 2078 aeriae

251 2089 390 2132 siguum
403 2094 512 2129 mota,
537 2095 679 2134 quassat
695 2090 834 2123 vincula
857 2097 1024 2136 exoptata
1041 2097 1076 2124 et
1092 2091 1290 2125 Andronico
1314 2091 1443 2132 iniicit,
1472 2091 1690 2136 cohibetque

252 2147 330 2168 eum
360 2140 538 2180 potestate
577 2135 824 2181 patriarchali,
853 2144 889 2171 et
922 2138 1076 2171 includit
1116 2138 1244 2171 finibus
1283 2138 1338 2178 iis,
1365 2138 1458 2171 intra
1493 2149 1584 2184 quos
1609 2149 1689 2172 eum

251 2183 395 2228 reperit,
421 2182 695 2228 obstringitque‚
720 2195 765 2217 ne
801 2185 890 2218 urbe
922 2186 1072 2219 excedat
1108 2186 1223 2219 aliove
1250 2190 1416 2228 vertatur.
1466 2185 1690 2218 Andronicus

250 2235 380 2270 autem,
405 2229 506 2275 quasi
542 2231 678 2274 ingrata
704 2231 840 2265 scilicet
864 2233 1018 2276 patiens,
1057 2233 1218 2277 increpat
1246 2231 1493 2276 patriarcham,
1518 2231 1614 2277 quod
1639 2233 1690 2265 ita

249 2276 500 2310 constrinxerit
522 2276 565 2309 ad
592 2278 707 2321 sugam
736 2285 910 2322 paratum,
935 2285 1042 2324 atque
1068 2279 1197 2320 “eheu,
1224 2279 1365 2323 inquit,
1394 2278 1480 2324 quid
1503 2280 1594 2323 agis,
1622 2278 1688 2312 do-

248 2324 345 2356 mine
358 2323 394 2356 ?''
425 2323 648 2369 multumque
676 2326 836 2370 repetitis
869 2325 921 2358 his
945 2326 1072 2367 verbis,
1099 2325 1259 2358 ascendit
1285 2326 1320 2358 in
1346 2325 1451 2358 aedes
1475 2326 1687 2370 superiores,

249 2371 483 2414 ingemiscens
516 2375 682 2416 tanquam
716 2373 752 2404 in
776 2384 903 2417 magna
927 2373 1136 2406 calamitate.
1172 2371 1370 2418 patriarcha
1393 2372 1567 2414 hortatus,
1593 2383 1687 2419 quae

249 2418 317 2462 ipsi
343 2417 560 2458 viderentur,
588 2419 777 2462 acquievit.

344 2465 428 2497 Mox
453 2469 592 2505 autem,
616 2476 660 2497 ne
685 2466 919 2499 calamitatem
946 2471 1145 2500 terrestrem
1177 2466 1282 2509 longe
1321 2477 1537 2511 persequar,
1562 2465 1687 2512 perdi-

250 2516 365 2543 torum
393 2511 574 2545 hominum
600 2523 787 2545 concursus
827 2513 872 2545 ad
896 2514 1066 2558 templum
1099 2513 1318 2557 praeclarum
1345 2513 1476 2546 Christi
1501 2513 1686 2546 salvatoris

250 2559 352 2590 aenei
381 2558 437 2599 fit,
462 2558 705 2604 salutaturque
743 2559 962 2593 Andronicus
999 2561 1190 2605 imperator
1227 2561 1371 2601 invitus,
1400 2565 1439 2593 ut
1461 2560 1536 2604 ipse
1564 2565 1601 2593 et
1623 2559 1683 2593 isti

250 2603 412 2638 homines
448 2604 575 2638 dicturi
617 2606 706 2647 sint3
731 2606 859 2639 deinde
896 2607 1002 2639 etiam
1027 2607 1079 2639 vis
1103 2605 1303 2647 adhibetur,
1329 2618 1368 2639 ac
1392 2608 1420 2639 si
1445 2606 1561 2640 nollet
1584 2606 1684 2651 ipso—

252 2661 326 2682 rum
352 2651 421 2684 dux
447 2664 546 2692 esse,
575 2658 611 2685 et
636 2652 834 2686 induuntur
859 2654 997 2698 imperii
1021 2654 1158 2697 insigne
1181 2654 1429 2694 calceamenta,
1458 2653 1535 2698 ipso
1565 2651 1683 2686 detre-

251 2702 366 2736 ‹ftaute
394 2698 522 2742 pedes,
549 2706 582 2732 et
608 2698 767 2732 diadema
794 2700 990 2744 imponitur
1024 2701 1249 2748 iniiciturque
1278 2701 1393 2745 pileus
1429 2699 1596 2741 fumidus,
1622 2699 1700 2745 qui'
