1838 3132
322 127 417 178 ίιοο
874 123 1203 193 EUSTATnms

320 250 399 288 γας
425 235 592 292 θατέρῳ
619 235 753 276 σκέλει
794 235 871 274 τοῦ
897 232 1201 288 σημαινομένου
1239 235 1310 286 τῆς
1339 233 1635 289 ἑκφροντίσεως
1665 233 1749 274 ἑνε-Υ

321 299 582 352 ρεισάμενος,
623 296 755 353 φάναι
790 295 880 340 εἶπε
907 298 980 340 τὸν
1005 298 1145 352 λόγον,
1179 296 1325 341 καθότι
1361 300 1450 340 «σοῦ
1477 301 1535 347 εἰς
1563 300 1751 352 οἶστραβῆ

322 366 438 407 κίονα
478 363 779 418 ὕποστήσαντος
819 361 989 418 ἑαυτὸν,
1023 364 1249 417 βαστάζειν
1283 362 1331 405 τοὶ
1361 363 1463 417 ὑπὲρ
1490 363 1752 416 τοῦπαιδός,

322 428 444 478 αὐτὸς
472 425 811 483 ἆπεφορτισοὶμην
835 427 878 470 τὸ
909 429 1012 470 πολύ
1044 429 1116 470 τοῦ
1155 430 1400 484 φροντίζειν,
1423 429 1675 480 ἀναθέμενος
1697 427 1751 479 ὥς

320 495 482 550 ἰσχυρῷ
513 508 580 535 σοι
609 495 721 550 αὐτῷ
763 492 815 535 τοὶ
852 495 1087 547 βαρηματα.
1154 491 1355 548 ἦσυχοὶζει
1393 495 1576 536 ἐνταῦθα
1605 491 1638 535 ὅ,
1660 495 1784 541 Ἀπ’-,5

321 559 520 614 δρόνικος,
549 558 622 600 καί
644 558 710 601 τὸν
737 558 875 611 θυμόν
914 557 1152 602 ὖπενδακών
1187 559 1261 600 καὶ
1287 561 1406 602 τοῦτο
1433 558 1554 612 μόνον
1579 562 1752 614 α’κροβο,

321 625 539 676 λισάμενος
574 623 672 678 δι’χα
717 625 859 680 ῥοίζου
903 625 1033 679 λιγὲος
1076 623 1180 667 κατὰ
1228 627 1303 667 τοῦ
1341 627 1558 679 γέροντος,
1585 624 1642 673 ὦς
1667 620 1753 678 ἄρα

318 690 457 743 βαθύς
484 691 706 746 Ἀρμένιος.
771 691 844 732 καί
871 693 1111 745 παραμίξας
1150 692 1200 747 τῇ
1239 690 1443 746 βαρύτητι
1487 692 1560 732 καί
1597 705 1753 745 σαρκα-

321 755 428 807 σμὸν
455 755 524 797 τὸν
551 751 653 810 ἄχρι
682 758 753 798 καί
788 755 1074 810 μειδιάματος,
1108 755 1243 815 οἷρχὴν
1272 759 1432 798 ἐκεῖθεν
1459 754 1582 798 ἔθετο
1610 756 1754 810 τρανέ-

321 836 469 875 στερον
507 822 695 874 μελετᾶν.
763 824 836 865 καί
872 824 932 870 εἰς
975 825 1173 864 τοσοῦτον
1217 823 1370 872 ἐξίκετο
1413 820 1752 876 δραστηριότητος
1769 834 1810 867 10

323 886 378 936 ὥς
407 885 509 939 μετὰ
539 888 688 942 μικρὸν
721 889 1001 941 ἐπαναστῆσαι
1041 888 1114 929 καί
1152 889 1369 940 ἐπιστῆσαι
1397 886 1494 935 τοὺς
1518 886 1654 942 χύδην
1684 902 1756 926 πι-

322 951 447 1006 κρούς
473 951 550 1002 ἕως
581 953 651 994 καί
676 954 735 1001 εἰς
763 952 941 1007 ἐσχάτην
968 951 1231 1008 θρασύτητα,
1261 952 1319 1001 ὥς
1345 953 1417 994 καί
1446 952 1752 1007 διαχρησθῆναι

320 1019 509 1060 κίνδυνον
546 1020 736 1072 γενέσθαι
780 1017 851 1061 τὸν
879 1021 1080 1074 α’ρχιερέα
1116 1018 1221 1071 μετὰ
1252 1017 1406 1067 πολλὰς
1433 1014 1587 1073 ὕβρεις,
1614 1015 1757 1072 ὃπριάς

321 1085 392 1126 καὶ
417 1085 614 1127 Ἰουδαῖοι
653 1083 900 1134 ἑτοξάσαντο
936 1079 988 1125 ἂν
1027 1082 1130 1125 κατὰ
1170 1085 1285 1125 θεοῦ.
1356 1083 1429 1125 καί
1456 1082 1574 1137 εἰμὴ
1605 1076 1751 1136 τεχνη-

320 1148 498 1202 σάμενος
534 1149 553 1192 ὃ
590 1151 722 1205 γέρων
749 1147 886 1206 ἑαυτῷ
924 1148 973 1191 τὰ
1001 1149 1189 1203 σωτήρια
1218 1152 1263 1191 ἐκ
1289 1150 1430 1201 με’σων
1455 1148 1757 1202 κρυβει’ς.ιίπε’-
1771 1161 1811 1195 15

321 1215 440 1270 σύρη,
479 1215 811 1268 ἀποδυσάμενος,
840 1215 898 1264 ὥς
925 1217 1064 1270 ἐχρῆν,
1092 1213 1139 1256 τὸ
1173 1210 1346 1270 ἄρχειν,
1389 1212 1545 1257 ἔπαθεν
1574 1209 1626 1255 ἂν
1653 1209 1755 1268 ὅπερ

324 1283 400 1322 οὐκ
429 1275 480 1335 ἦν
509 1280 625 1338 αὐτῷ
653 1282 850 1326 ἐθέλοντι.

433 1349 526 1389 Kal
555 1345 682 1394 αὐτὸς
709 1344 787 1397 μὲν
816 1341 925 1387 οὕτω
945 1347 1197 1395 ’ξυνέστειλεν
1227 1344 1365 1399 αὐτόν,
1395 1342 1518 1400 ἀφείς
1545 1347 1643 1386 καθ’
1669 1341 1759 1386 ἑτέ-

325 1429 409 1467 ρων
438 1414 664 1467 μεμηνέναι
705 1410 777 1453 τὸν
805 1410 1082 1467 Ἀνδρόνικον.
1150 1410 1173 1450 ὅ
1203 1412 1238 1451 δ”
1269 1412 1361 1452 ἐπεὶ
1393 1411 1531 1451 ου’κέτι
1559 1413 1757 1464 προβλῆτι

323 1479 508 1535 σκοπέλῳ
538 1479 622 1520 τινί
651 1478 906 1531 ἀνεκρούετο,
950 1477 1214 1529 ἐξεκύμαινεν
1243 1475 1416 1532 ὀλέθρια
1445 1473 1551 1518 κατὰ
1582 1474 1756 1532 πάντων,
1768 1492 1814 1526 20

325 1543 405 1598 οὐχ
444 1541 549 1586 ὥστε
589 1545 663 1586 καί
706 1545 836 1585 εἰπεῖν
872 1539 946 1591 “ὃ’ς
974 1558 1016 1584 τε
1063 1540 1196 1590 αἴτιος
1237 1538 1282 1591 ὅς
1309 1557 1351 1583 τε
1388 1541 1461 1583 καί
1485 1540 1624 1596 ου’χι’,”
1649 1538 1756 1584 ἀλλὰ

325 1607 429 1651 κατὰ
466 1612 549 1651 τῶν
591 1611 722 1664 μηδὲν
763 1605 865 1658 ὅλως
895 1610 1068 1660 αἰτίων,
1094 1605 1137 1649 τὸ
1180 1602 1453 1649 οἷὸικιότατον·
1506 1605 1579 1648 καὶ
1608 1603 1684 1660 τήν
1712 1621 1757 1647 τε

324 1677 397 1717 τοῦ
415 1677 619 1728 βασιλέως
637 1673 902 1730 περιγράψας
924 1675 1083 1728 μητέρα
1111 1674 1155 1717 ἐν
1181 1674 1238 1729 τῷ
1254 1673 1424 1730 σεμνείῳ
1451 1673 1526 1714 τοῦ
1554 1673 1599 1714 ἐν
1627 1668 1759 1726 ἁγίοις

326 1845 397 1881 quo
431 1835 574 1868 tandem
605 1846 709 1867 sensu
747 1833 862 1874 dicat,
885 1833 977 1866 nihil
1018 1833 1088 1866 sibi
1124 1837 1269 1878 propter
1302 1833 1415 1877 ipsum
1440 1831 1586 1865 dubium
1611 1842 1686 1865 esse
1710 1831 1754 1864 de

325 1884 548 1927 imperatore.
573 1887 679 1926 atque
697 1881 771 1921 ille,
789 1881 936 1913 alteram
955 1880 1246 1923 significationem
1264 1879 1452 1913 locutionis
1473 1878 1644 1913 “dubium
1659 1879 1754 1911 esse'’

323 1928 573 1973 praetendens,
598 1928 726 1960 dixisse
741 1938 777 1960 se
802 1926 894 1959 illud
919 1928 980 1966 ait,
1006 1925 1115 1972 quod,
1140 1931 1324 1971 postquam
1348 1927 1416 1959 iste
1438 1936 1476 1958 se
1501 1931 1667 1970 tanquam
1692 1925 1751 1957 fir-

327 1988 417 2008 mam
441 1976 640 2008 columnam
666 1974 856 2007 obtulisset
885 1973 930 2006 ad
957 1984 1073 2006 curam
1099 1972 1342 2006 sustinendam
1366 1973 1480 2018 pueri,
1505 1972 1583 2016 ipse
1597 1982 1754 2014 magnam

328 2023 403 2055 eius
431 2033 533 2054 curae
561 2027 696 2067 partem
721 2020 954 2065 deposuisset,
979 2020 1087 2065 idque
1113 2019 1211 2052 illius
1229 2019 1374 2052 humero
1400 2030 1488 2051 onus
1514 2019 1752 2063 imposuisset.

327 2069 480 2114 quiescit
502 2067 548 2101 ad
570 2067 657 2100 haec
678 2067 909 2107 Andronicus,
937 2071 974 2099 et
1009 2066 1138 2111 premit
1161 2072 1301 2111 pectore
1328 2064 1558 2105 stomachum,
1582 2066 1752 2109 perstrin-

327 2126 408 2160 gere
431 2120 577 2148 conatus
599 2125 672 2147 non
696 2124 821 2158 magno
847 2114 996 2158 strepitu
1020 2123 1160 2152 senem,
1187 2117 1311 2158 utpote
1349 2111 1500 2144 subdolo
1526 2111 1670 2155 ingenio
1685 2112 1752 2144 Ar—

327 2161 473 2194 menius.
522 2166 629 2206 atque
653 2159 811 2194 admixto
838 2159 1024 2205 superbiae
1051 2158 1207 2192 ludibrio
1231 2169 1342 2203 prope
1383 2169 1458 2191 cum
1486 2159 1568 2199 risu,
1593 2158 1750 2202 apertius

328 2210 398 2241 iam
422 2208 562 2252 incepta
588 2207 704 2239 moliri
731 2213 907 2252 coeperat.
965 2207 1088 2252 itaque
1120 2217 1162 2238 eo
1187 2206 1358 2250 processit
1384 2205 1563 2244 audaciae,
1590 2210 1630 2238 nt
1653 2204 1752 2238 brevi

329 2256 500 2288 excitaret
524 2259 559 2286 et
580 2259 787 2298 provocaret
810 2254 1052 2286 cavillatorum
1079 2252 1203 2296 vulgus
1229 2251 1273 2284 ad
1294 2257 1481 2284 extremam
1505 2250 1751 2296 petulantiam,

330 2308 368 2335 et
390 2300 653 2345 archiepiscopo
680 2311 725 2332 ne
748 2301 799 2333 vis
824 2301 924 2333 fieret
947 2299 1144 2345 periculum
1183 2303 1285 2338 esset,
1314 2303 1394 2342 post
1417 2299 1544 2331 multas
1567 2302 1753 2330 contume-

329 2349 418 2388 lias,
453 2347 574 2392 quales
602 2346 725 2379 Iudaei
751 2347 788 2379 iu
824 2347 927 2380 deum
952 2346 1132 2379 fuderunt.
1199 2356 1239 2378 ae
1262 2344 1330 2376 nisi
1354 2356 1463 2378 senex
1482 2343 1674 2389 prudenter
1697 2355 1753 2376 sa-

330 2396 439 2427 lutem
469 2393 674 2439 quaesisset,
702 2394 789 2425 clam
817 2405 854 2426 se
877 2394 948 2426 illis
973 2391 1233 2432 subtrahendo,
1259 2396 1296 2424 et
1321 2391 1497 2436 deposito,
1522 2396 1562 2424 ut
1586 2389 1750 2431 debebat,

330 2441 494 2486 imperio,
519 2439 668 2472 forsitan
693 2439 788 2472 haud
813 2446 909 2483 grata
935 2439 1002 2472 sibi
1027 2450 1193 2485 passurus
1218 2443 1302 2470 erat.
1723 2466 1726 2469 ,

423 2489 545 2533 Itaque
571 2487 633 2519 ille
658 2487 707 2519 ita
741 2498 777 2518 se
813 2486 990 2520 continuit
1010 2511 1019 2526 ,
1055 2484 1294 2518 Andronicum
1325 2495 1446 2529 passus
1471 2483 1637 2516 adversus
1664 2483 1751 2516 alios

330 2534 457 2567 furere.
507 2533 567 2579 qui
591 2543 698 2578 quum
726 2534 885 2566 uoniam
913 2532 1160 2566 retunderetur
1176 2531 1324 2575 scopulo
1342 2532 1531 2569 eminente,
1557 2529 1751 2574 perniciem

330 2580 494 2613 adversus
520 2590 639 2613 omnes
666 2579 830 2623 spirabat,
856 2591 929 2612 non
955 2582 1005 2612 ita
1032 2584 1071 2611 ut
1093 2583 1291 2622 quaereret,
1325 2578 1405 2622 quis
1432 2587 1513 2610 sons
1538 2580 1648 2616 esset,
1673 2576 1752 2620 quis

330 2638 402 2659 non
427 2632 528 2666 esset,
553 2625 616 2659 sed
640 2626 804 2658 adversus
833 2637 974 2670 prorsus
1004 2626 1184 2664 insontes,
1216 2635 1348 2657 summa
1374 2624 1526 2664 iniuria3
1548 2628 1654 2667 atque
1678 2632 1752 2661 ma-

328 2678 417 2706 trem
442 2673 664 2718 imperatoris
687 2673 726 2705 in
741 2672 908 2718 templum
934 2671 1117 2719 sapientis,
1141 2671 1202 2716 qui
1229 2672 1266 2704 in
1290 2670 1418 2704 sanctis
1434 2675 1498 2711 est,
1523 2668 1648 2702 medici
1663 2668 1771 2701 Dio--
