1838 3132
617 132 1106 176 CHRONOGRAPfflA.
1485 130 1505 170 1
1515 128 1543 171 2
1553 129 1574 170 1

127 231 208 274 ὑπὸ
244 233 384 287 πείνης
425 232 615 286 φαγόντα
656 233 753 281 τοῦς
783 235 1014 286 βραχίονας
1059 231 1193 273 αὐτοῦ
1220 229 1292 273 καὶ
1318 230 1370 273 τοὶ
1403 228 1578 285 καλὴγια

120 296 158 340 ἐἲ
184 291 343 353 ἐφόρει.
401 297 471 340 dui
503 298 549 340 τὸ
581 295 689 341 εἶναι
719 297 930 352 αἱρετικὸν
952 298 1234 341 Ἀνάστασιον
1252 294 1471 350 Εὔθύμιος
1497 313 1577 336 πα-

122 363 322 418 τριάρχης
366 366 604 418 προσέκειτο
641 369 735 412 ταῖς
763 363 1017 418 ἀντάρασιν,·
1087 360 1188 419 ὅπερ
1218 364 1339 419 γνούς
1362 362 1578 406 Ἀναστά-

124 445 213 477 σιος
239 428 260 470 ὃ
290 430 491 483 βασιλεύς
528 430 633 483 μετὰ
677 428 721 471 τὸ
748 429 1043 485 χειρώσασθαι
1073 428 1229 480 αὐτους
1257 430 1466 485 ἐδήλωσεν
1495 430 1580 471 Ev'-

90 497 267 552 5θυμίῳ
298 496 400 554 ἁγίῳ
427 494 498 538 “ai
525 493 745 551 εὖχαίσου
775 494 820 538 αἱ
845 496 1025 550 μεγάλαι
1055 495 1154 546 τούς
1182 500 1330 552 φίλους
1349 512 1426 539 σου
1454 495 1580 551 η’σβό-

124 563 318 603 amm-’³
372 565 692 617 προεχειρίσατο
723 564 768 604 δὲ
798 561 887 603 ἀντ’
920 562 1054 604 αὐτοῦ
1083 556 1376 605 Μακεδόνων·
1433 563 1494 610 εἰς
1522 558 1579 615 ὅν,

124 626 196 668 διὰ
223 627 267 670 τὰ
299 627 356 681 μή
391 626 579 670 ὑπείκειν
606 630 658 685 τῇ
692 627 855 682 αἱρέσει
885 630 1031 683 αὐτοῦ,
1059 628 1192 672 πολλὰ
1224 627 1341 671 δεινὰ
1372 629 1581 679 ἐνεδείξα-

122 709 182 738 το.
241 696 351 750 φασί
379 693 458 750 γὰρ
502 694 824 749 τελευτήσαντος
855 697 1124 736 Μακεδονίου
1164 698 1207 738 ἐν
1236 697 1373 752 ἐξορία
1400 693 1582 750 φοβερόν

122 775 161 801 τι
189 763 424 814 συμβῆναι·
481 761 628 817 νεκρόν
656 761 737 816 γὰρ
770 755 872 802 ὄντα
903 759 973 802 καί
999 763 1044 803 ἐν
1072 760 1296 819 κραββιέτῳ
1324 763 1578 813 τεθειμένον,

69 831 112 865 10
121 825 357 880 βλεπόντων
379 825 558 881 πάντων,
586 830 909 884 σφραγίσασθαι
927 825 1081 870 ἑαυτὸν
1109 832 1167 885 τῷ
1191 829 1376 886 σταυρῷ.
1404 831 1581 881 μέλλον-

121 908 188 940 τος
219 895 265 935 δὲ
295 895 339 935 ἐν
368 896 679 951 Νεοκαισαρείᾳ
708 896 898 949 γίνεσθαι
933 897 1111 947 σεισμοῦ
1137 895 1392 950 στρατιώτης
1423 891 1581 935 ὁδεύων

121 959 198 1001 δύο
226 959 337 1008 τινὰς
364 956 475 1002 εἶδεν
510 961 583 1002 ε’πί
607 960 682 1016 την
721 961 841 1002 πόλιν
877 960 1143 1017 βαδίζοντας,
1172 964 1245 1003 καί
1275 957 1424 1003 ὄπιθεν
1455 956 1581 1002 ἄλλον

120 1028 282 1079 βοῶντα
311 1027 548 1082 “φυλάξατε
589 1026 661 1069 τὸν
702 1022 812 1068 οἶκον
856 1028 901 1068 ἐν
931 1020 963 1085 ᾧ
992 1028 1016 1081 ἦ
1051 1026 1160 1082 θήκη
1188 1029 1229 1069 Γ
1227 1027 1424 1083 ρηγορίου
1455 1029 1581 1069 ε’·στί.”

121 1094 340 1145 γενομένου
384 1093 431 1133 δὲ
473 1094 549 1134 τοῦ
591 1095 771 1147 σεισμοῦ
821 1091 866 1134 τὸ
912 1098 1115 1151 πλεῖστονΔ
1142 1094 1271 1149 μέρος
1311 1094 1385 1149 τῆς
1422 1090 1582 1142 πόλεως

67 1169 109 1204 15
123 1157 316 1214 ἐπτοήθη,
350 1159 455 1214 πλὴν
482 1161 558 1201 τοῦ
590 1159 712 1213 ἁγίου
744 1162 785 1202 Γ
784 1162 994 1215 ρηγορίου.

230 1224 511 1276 Ἀναστάσιος
538 1223 671 1268 πολλοὶ
692 1228 775 1268 τῶν
808 1224 1196 1282 χαλκουργημάτων
1217 1227 1330 1277 ζῶδα
1361 1227 1581 1281 χωνεύσας

120 1293 164 1341 ἔξ
189 1291 327 1333 αὐτῶν
354 1289 505 1347 στήλην
532 1292 646 1334 ἰδίαν
673 1289 845 1346 ἔστησεν
874 1294 934 1341 εἷς
965 1293 1032 1335 τὸν
1064 1296 1179 1335 κίονα
1216 1291 1399 1347 Ταύρου.
1443 1293 1470 1347 ἧ
1496 1291 1579 1347 γὰρ

119 1354 264 1412 πρώην
291 1354 455 1398 ἑστῶσα
478 1359 709 1399 Θεοδοσίου
741 1353 792 1412 ἦν
819 1361 897 1399 τοῦ
922 1359 1132 1412 μεγάλου·
1169 1356 1262 1413 ἥτις
1290 1355 1370 1401 ἀπὸ
1401 1360 1581 1412 σεισμοῦ

124 1424 311 1464 πεσοῦσα
340 1427 575 1479 συνετρίβη.
631 1425 699 1478 ἐφ’
741 1418 794 1465 οὗ
831 1424 936 1479 οἷνήρ
966 1441 1026 1475 τις
1055 1426 1100 1466 ἐκ
1135 1427 1209 1481 τῆς
1242 1425 1394 1481 χείμης
1420 1426 1580 1478 τεχνῶν

66 1500 112 1536 20
124 1487 287 1544 εὐφυής
316 1485 375 1531 ὢν
402 1491 663 1532 ἐπεδείκνυεν
698 1486 1042 1547 ἅργυροπράταις
1069 1507 1112 1533 τε
1152 1491 1226 1533 καί
1249 1489 1405 1546 ἑτέροις
1433 1496 1581 1546 χεῖρας

124 1556 198 1596 καί
220 1553 354 1604 πόδας
383 1554 643 1610 ἀνδριάντων
686 1555 759 1598 καί
795 1557 916 1610 ἕτερα
942 1555 1034 1612 εἴδη
1072 1560 1227 1613 χρυσᾶ,
1255 1559 1386 1611 λέγων
1414 1560 1580 1612 θησαυ-

124 1619 228 1677 ροὺς
256 1618 502 1677 εὑρηκέναι·
544 1622 642 1663 ’καί
670 1622 742 1664 διὰ
770 1624 892 1665 τοῦτο
934 1623 1113 1674 πολλοὺς
1145 1623 1318 1666 ἀπατῶν
1345 1624 1405 1672 εἰς
1432 1624 1580 1665 πὲνιαν

220 1739 255 1773 5.
283 1738 326 1772 αἱ
346 1737 522 1785 μεγάλαι]
540 1736 680 1786 ὅμέσας
697 1739 734 1773 C.
760 1739 805 1772 cf.
834 1739 1015 1774 Cedrenus
1043 1740 1058 1773 1
1084 1752 1118 1784 p.
1134 1739 1201 1787 627
1227 1740 1285 1779 21...
1383 1740 1437 1773 11.
1465 1749 1582 1786 στρα-

219 1786 349 1828 τιώτης
373 1785 464 1819 adde
491 1786 670 1819 Cedrenus
700 1788 715 1819 1
743 1798 778 1833 p.
808 1786 877 1822 628
905 1787 958 1821 17.
1063 1787 1117 1821 19.
1146 1788 1174 1834 qi
1203 1787 1231 1821 C
1329 1787 1386 1822 21.
1415 1786 1581 1833 ἄργυρο-

219 1833 365 1880 nemag
388 1845 426 1868 τε
449 1836 512 1868 καὶ
536 1833 665 1880 ἑτέρας
688 1834 714 1867 C

127 1947 258 1985 stabat.
307 1948 405 1994 quod
431 1960 540 1995 quum
567 1949 776 1983 Anastasius
800 1949 1036 1995 comperisset
1057 1954 1140 1995 post
1164 1948 1276 1981 victos
1300 1957 1361 1980 eos
1388 1946 1579 1991 Euthymio

127 1995 236 2030 dixit:
271 2001 442 2040 “magnae
476 2007 598 2043 preces
624 2002 707 2030 tuae
748 1997 877 2030 amicos
907 1996 1058 2041 fuligine
1085 1995 1393 2040 consperserunt.’'
1443 1995 1580 2028 cousti-

125 2043 195 2077 tuit
221 2048 340 2077 autem
373 2045 411 2077 in
435 2045 510 2077 eius
537 2045 655 2077 locum
682 2044 952 2084 Macedonium,
987 2054 1095 2088 quem
1122 2055 1195 2076 non
1229 2041 1415 2075 cedentem
1440 2041 1580 2074 haeresi

124 2090 350 2124 multimodis
387 2092 568 2125 cruciavit.
627 2097 768 2124 mortuo
806 2092 901 2124 enim
938 2090 1155 2124 Macedonio
1188 2090 1226 2123 in
1262 2089 1389 2122 exsilio
1416 2088 1578 2122 terribile

126 2137 265 2183 aliquid
290 2138 457 2172 accidisse
483 2139 618 2182 fertur3
642 2144 823 2172 mortuum
849 2139 943 2172 enim
968 2144 1004 2172 et
1027 2139 1066 2171 in
1093 2137 1228 2171 lectulo
1250 2137 1426 2169 iacentem
1449 2135 1578 2170 viden-

125 2184 222 2218 tibus
249 2186 414 2219 omnibus
443 2192 589 2220 narrant
623 2187 734 2219 crucis
772 2187 872 2230 signo
916 2197 953 2219 se
991 2185 1197 2219 munivisse.
1245 2184 1454 2216 imminente
1483 2183 1581 2216 Neo-

126 2243 309 2266 caesareae
350 2238 465 2266 terrae
485 2240 582 2267 motu
598 2259 607 2274 ,
633 2234 736 2266 miles
766 2233 910 2279 quidam
946 2233 1014 2266 iter
1039 2232 1175 2266 faciens
1200 2230 1290 2264 duos
1320 2231 1508 2276 conspexit
1534 2228 1581 2262 ad

127 2279 251 2312 urbem
276 2279 485 2314 accedentes
507 2282 691 2327 aliumque
717 2293 735 2313 a
759 2286 859 2325 tergo
885 2281 1134 2323 clamantem:¹
1153 2283 1386 2313 “conservate
1422 2277 1580 2318 domum,

127 2326 165 2358 in
192 2337 262 2371 qua
288 2326 448 2371 Gregorii
475 2339 553 2361 arca
581 2331 674 2372 est;’'
703 2328 798 2362 facto
825 2333 925 2361 motu
949 2328 1063 2361 maior
1083 2325 1182 2360 urbis
1208 2337 1291 2372 pars
1317 2324 1487 2366 concidit,
1515 2335 1579 2357 ex-

127 2379 232 2418 cepta
257 2374 305 2407 St.
331 2374 494 2419 Gregorii
521 2375 620 2408 aede.
684 2375 692 2381 '

223 2421 424 2454 Anastasius
448 2422 610 2456 conflatis
635 2422 757 2455 multis
782 2422 901 2455 aeneis
939 2421 1045 2466 signis
1070 2421 1156 2454 inde
1181 2431 1279 2453 suam
1306 2423 1457 2453 statuam
1490 2427 1578 2450 con-

127 2467 215 2500 fecit
242 2473 278 2500 et
302 2469 339 2500 in
362 2469 474 2502 Tauri
511 2470 676 2503 columna
702 2469 910 2511 collocavit3
947 2479 1039 2514 quae
1067 2468 1160 2501 enim
1192 2472 1299 2500 antea
1325 2465 1376 2498 ibi
1401 2464 1580 2498 collocata

128 2520 222 2554 erat,
250 2513 447 2549 Theodosii
473 2521 588 2550 statua
606 2542 615 2558 ‚
650 2522 765 2550 terrae
793 2522 893 2549 motu
930 2515 1067 2549 deiecta
1100 2521 1137 2549 et
1164 2515 1275 2547 fracta
1308 2517 1394 2546 erat.
1443 2510 1507 2543 sub
1534 2521 1577 2544 eo

126 2562 179 2594 vir
205 2561 362 2607 quidam,
386 2564 448 2608 qui
463 2563 657 2607 cliymicam
681 2569 791 2597 artem
806 2563 1045 2608 profitebatur
1070 2562 1221 2595 callidus
1247 2558 1452 2603 argentariis
1479 2557 1578 2590 aliis-

127 2620 196 2653 que
221 2620 345 2642 manus
372 2615 408 2642 et
439 2610 548 2655 pedes
583 2617 777 2645 statuarum
814 2612 959 2655 aliaque
1000 2621 1108 2643 aurea
1149 2609 1246 2653 signa
1272 2606 1427 2644 obtulit,
1454 2605 1576 2638 dicens

125 2656 311 2690 thesauros
339 2667 376 2689 se
400 2657 595 2700 invenisse3
622 2659 753 2691 multos
777 2658 844 2690 hac
873 2669 909 2690 re
935 2657 1104 2701 deceptos
1130 2655 1175 2688 ad
1200 2658 1444 2699 paupertatem
1472 2651 1578 2685 rede-

127 2703 189 2748 git.
239 2705 333 2738 fama
366 2704 508 2750 vulgata
549 2711 671 2751 captus
699 2711 736 2739 et
763 2705 808 2738 ad
837 2705 1061 2739 Anastasius„
1095 2702 1223 2737 ductus
1248 2701 1371 2735 attulit
1393 2699 1464 2745 regi
1491 2699 1577 2744 equi
