1838 3132
620 115 926 159 CHRONOGR
932 116 1035 159 ΑΡΗ
1043 116 1109 159 [Α.
1490 115 1510 156 1
1520 113 1547 158 2
1554 111 1582 158 5

248 218 458 260 Ειῖλαλίου
489 217 599 268 τινὸς
629 217 710 259 dm}
740 218 949 260 πλουσίων
967 220 1139 274 πένητος
1154 214 1487 271 τελευτήσαντος,
1515 221 1589 260 καί

135 284 375 337 γράψαντος
405 284 626 338 ’[ουστῖνον
665 287 843 337 βασιλέα
880 282 1134 340 κληρονόμον
1175 285 1221 326 ἐν
1247 281 1488 337 διαθήκαις,
1515 286 1588 325 καί

138 353 538 403 παρακαλεσαμένου
584 347 690 392 ὥστε
721 349 796 399 τὰς
834 356 946 404 τρεῖς
986 351 1121 392 αὐτοῦ
1158 351 1394 404 θυγατέρας
1430 348 1585 403 μικρὰς

135 419 492 471 καταλειφθείσας
522 416 772 470 ,ἀναθρέψαι
789 415 862 458 καί
886 418 1162 470 ἐκπροικίσαι,
1191 416 1264 457 καί
1289 414 1425 458 πάντα
1453 416 1586 457 adro&

101 480 185 523 5τὰ
216 484 324 535 χρέα
369 483 516 523 δοῦναι
551 487 638 530 τοῖς
664 483 923 532 δανεισταῖς,
953 484 1026 522 καί
1068 481 1118 523 τά
1158 486 1426 537 γραμματεῖα
1449 480 1585 523 αὐτοῦ

135 547 487 602 α’ναρρύσασθαι,
519 545 665 600 ,πάντα
693 549 921 599 βασιλικαῖς
961 549 1178 598 ’[ουστῖνος
1205 546 1433 605 ἔπλήρωσε,
1456 547 1584 590 κατά-

133 616 289 670 πληξας
314 617 359 658 ἐν
392 613 524 672 τούτῳ
550 613 686 656 πάντα
714 612 951 656 α’κούσαντα
979 610 1216 668 ἄνθρωπον.

610 725 878 766 Ἰουστινιανός
913 725 933 762 ὅ
959 729 1088 774 μέγας.

76 815 120 850 10
236 804 532 854 Ἰουστινιανός
577 805 845 859 ἐβασίλευσεν
884 804 954 861 ἔτη
985 804 1077 862 w,
1117 807 1222 848 ἐτῶν
1251 803 1310 848 ὦν
1339 809 1407 860 μέ.
1467 801 1584 855 οὗτος

130 870 206 927 ,τὴν
232 875 310 927 μὲν
339 874 416 913 τοῦ
457 869 652 925 σώματος
691 870 936 927 ἀναδρομὴν
973 871 1116 926 βραχὺ
1154 864 1411 925 μείζωντοῦ
1438 877 1586 926 μέσου,

131 936 317 992 ἐρυθρὸς
346 937 420 992 τήν
447 936 613 994 χροιάν,
643 938 835 993 χαροπὸν
853 941 924 980 καί
952 940 1284 995 ειῖπερίστροφον
1309 942 1486 993 βλέπων,
1513 940 1585 981 καί

129 1004 205 1061 τήν
233 1004 421 1061 κεφαλήν
465 1003 568 1060 πρὸς
604 1003 735 1060 κόμης
777 1003 924 1054 κάλλος
968 1004 1119 1058 μικρὸν
1157 1007 1424 1060 ἐψιλωμένην
1459 1004 1582 1059 ἔχων,

128 1069 370 1120 ὑπατεύσας
407 1072 450 1113 ὲν
490 1073 598 1129 μέσῃ
635 1074 686 1129 τῇ
720 1070 839 1113 πόλει
877 1073 950 1114 καί
989 1070 1088 1120 δοὺς
1116 1070 1316 1126 χρήματα
1344 1070 1581 1125 πάμπολλα.

76 1143 117 1178 15
131 1132 252 1187 οὗτος
282 1133 357 1179 οὖν
384 1138 553 1193 ἐποίησε
584 1141 655 1180 καί
685 1137 761 1187 τὰς
802 1138 954 1193 νεαρὰς
985 1136 1208 1191 διατάξεις,
1238 1136 1483 1193 ἐκφωνήσεις
1511 1138 1585 1178 καί

128 1203 259 1246 τύπον
299 1206 401 1258 περί
424 1219 470 1245 τε
509 1203 744 1246 ἐπισκόπων
786 1203 859 1246 καὶ
894 1203 1124 1258 ξενοὸόχων
1160 1205 1233 1247 καί
1258 1202 1486 1258 οἰκονόμων
1513 1206 1584 1245 καί

128 1269 479 1326 ὀρφανοτρόφων,
518 1267 622 1312 ὥστε
660 1270 719 1324 μὴ
765 1275 1116 1324 κληρονομεῖσθαι
1157 1270 1263 1325 πλὴν
1302 1265 1360 1313 ὧν
1388 1270 1468 1326 πρὸ
1503 1272 1582 1312 τοῦ

126 1338 321 1391 γενέσθαι
353 1338 580 1391 ἐκέκτηντο.
650 1331 772 1386 οὗτος
812 1336 996 1390 διωγμὸν
1034 1335 1140 1379 κατὰ
1165 1334 1368 1392 Ἑλλήνων
1395 1340 1467 1379 καί
1497 1337 1588 1379 ποὶ-’

129 1419 204 1458 σης
237 1401 439 1456 αἱρέσεως
468 1404 653 1457 ἐκίνησεν
675 1416 685 1427 ·
760 1403 897 1457 εὑρών
928 1405 972 1444 δὲ
1002 1403 1177 1453 πολλοὺς
1205 1405 1286 1445 τῶν
1306 1402 1509 1458 Ἑλλήνων
1537 1406 1581 1446 ἐν

72 1477 118 1512 20
134 1473 238 1511 τέλει
265 1469 395 1526 τούτῳ
426 1470 649 1517 νοσοῦντας
668 1503 678 1523 ,
718 1469 952 1521 δεσμεύσας
982 1467 1054 1510 καί
1078 1469 1419 1524 τιμωρησάμενος
1446 1471 1578 1526 φόβον

130 1534 262 1577 πολὺν
290 1532 524 1589 εἰργάσατο,
553 1537 758 1584 θεσπίσας
784 1533 941 1586 μόνους
970 1533 1224 1590 ὄρθοδόξους
1249 1535 1550 1580 πολιτεύεσθαι.

236 1600 469 1656 Ἐπλήρωσε
490 1603 535 1643 δὲ
563 1603 636 1642 καί
662 1600 706 1643 τὸ
728 1599 928 1656 δημόσιον
959 1601 1135 1657 λουτρὸν
1164 1600 1209 1644 τὸ
1242 1604 1299 1653 εἰς
1327 1602 1400 1645 τὸν
1426 1605 1581 1659 Διηγη-

225 1719 280 1753 19.
307 1718 466 1758 πολλοὺς
487 1719 561 1755 τῶν
585 1719 626 1755 ἐν
647 1720 737 1755 τέλει
761 1717 885 1755 οῧτωὲ
982 1720 1039 1755 22.
1062 1721 1283 1767 Λαγισθέως
1301 1720 1481 1755 Cedrenus
1500 1722 1515 1755 1
1543 1733 1578 1767 p.

223 1766 305 1808 644,
332 1769 558 1813 Διηγιστέως
578 1778 613 1812 p.
637 1766 717 1801 688.

222 1848 381 1881 Eulalius
405 1847 551 1894 quidam
575 1858 594 1880 e
613 1847 784 1881 divitibus
809 1847 1018 1893 parentibus
1038 1853 1136 1882 ortus
1162 1859 1272 1893 quum
1294 1859 1430 1894 pauper
1453 1849 1579 1882 deces-

131 1895 234 1929 sisset
268 1901 306 1930 et
343 1896 538 1941 scripsisset
572 1895 746 1928 Iustinum
784 1907 898 1939 regem
933 1906 1009 1929 esse
1043 1896 1122 1940 lege
1154 1896 1384 1929 constitutum
1426 1907 1579 1942 eumque

131 1942 291 1976 hortatus
318 1948 431 1983 esset,
457 1949 496 1976 ut
515 1948 586 1976 tres
606 1954 685 1976 suas
709 1943 839 1976 filiolas
865 1942 1034 1977 educaret
1053 1949 1088 1976 et
1112 1942 1196 1976 dote
1223 1943 1393 1985 donaret,
1428 1949 1465 1977 et
1488 1955 1580 1989 quae

131 1989 288 2024 debebat
311 1991 490 2031 solveret,
519 1995 555 2024 et
591 1989 731 2023 tabulas
757 2000 838 2023 suas
866 1990 1026 2034 deleret3
1064 1996 1191 2024 cuncta
1218 1991 1374 2025 Iustinus
1398 1995 1438 2024 ut
1465 2002 1580 2036 regem

132 2036 250 2080 decet,
274 2037 438 2084 perfecit,
465 2036 725 2071 admirantibus
751 2037 927 2079 omnihus,
955 2038 1017 2084 qui
1044 2037 1253 2072 audiebant.

652 2129 880 2164 Iusnumus
917 2138 1066 2165 mamm.

226 2210 443 2245 lastinianus
475 2209 635 2255 regnavit
660 2221 772 2244 annos
796 2210 842 2244 39
868 2222 981 2244 rerum
1008 2211 1145 2257 potitus
1171 2221 1265 2244 anno
1291 2211 1418 2244 aetatis
1446 2210 1503 2244 45.
1554 2211 1583 2244 is

134 2267 283 2302 corpore
308 2258 418 2304 paulo
444 2258 579 2291 maiore
596 2263 682 2299 erat,
709 2269 817 2304 quam
841 2269 885 2291 ex
900 2257 1007 2291 modo
1024 2258 1173 2303 vulgari,
1201 2259 1322 2292 colore
1342 2257 1459 2298 rubro,
1483 2258 1584 2292 vultu

138 2306 224 2338 truci
253 2311 289 2340 et
310 2309 467 2346 versuto,
495 2305 613 2351 capite
637 2304 805 2338 nonnihil
820 2304 958 2351 glabro.
981 2308 1138 2351 reganvit
1162 2311 1282 2339 autem
1303 2307 1341 2339 in
1363 2305 1480 2339 media
1496 2305 1583 2339 urbe

133 2354 311 2397 permulta
339 2352 426 2386 dans
451 2352 558 2387 dona.
621 2352 680 2385 hie
705 2353 815 2396 igitur
846 2364 938 2386 nova
967 2352 1132 2387 instituta
1161 2353 1273 2395 fecit,
1297 2354 1412 2397 legem
1438 2364 1584 2398 quoque

135 2400 363 2446 promulgans
389 2399 433 2433 de
466 2399 654 2446 episcopis,
682 2399 863 2445 hospitiis,
890 2399 1196 2447 dispensatoribus
1217 2407 1252 2435 et
1271 2399 1584 2446 orphanotrophis,

134 2459 179 2481 ne
205 2447 291 2493 qnid
318 2448 479 2491 legarent
503 2448 572 2480 nisi
599 2446 697 2492 quod
725 2453 808 2481 ante
844 2453 1047 2492 susceptum
1071 2460 1198 2483 munus
1225 2447 1479 2494 possedissent.
1526 2446 1585 2480 hic

134 2495 418 2541 persecutionem
446 2496 557 2528 movit
580 2495 795 2528 Graecorum
834 2501 871 2528 et
903 2496 1017 2528 omnis
1043 2494 1219 2538 haeresis;
1259 2495 1441 2528 inveniens
1465 2499 1585 2527 autem

134 2543 267 2576 multos
293 2552 312 2575 e
335 2542 596 2585 magistratibus
625 2540 693 2575 hoc
717 2542 841 2576 morbo
871 2542 1098 2583 laborantes,
1122 2542 1177 2576 his
1202 2543 1344 2575 vincitis
1369 2547 1406 2574 et
1428 2540 1586 2574 vindicta

136 2595 278 2634 sumpta
307 2599 469 2634 magnum
494 2594 665 2622 terrorem
694 2589 835 2630 iniecit,
862 2602 971 2636 quum
997 2591 1095 2624 solos
1122 2589 1340 2623 orthodoxos
1363 2599 1467 2633 posse
1494 2599 1586 2621 rem-

134 2637 315 2684 publicam
342 2647 526 2681 capessere
555 2635 724 2670 ediceret·

227 2683 379 2718 Perfecit
409 2683 516 2717 etiam
540 2682 709 2716 balneum
733 2682 917 2728 publicum
938 2683 1122 2728 Dagisthei
1151 2683 1195 2716 ab
1225 2682 1409 2716 Anastasio
1437 2681 1584 2715 inchoa-
