1838 3132
815 143 1013 186 NOTAE.
1090 179 1092 181 a
1123 157 1126 162 ·
1514 146 1607 191 515

272 245 301 285 8
355 239 621 298 ἐπιάγουρον]
653 255 797 284 vocem
819 237 1001 298 ἄγουρον
1019 259 1101 299 pro
1128 246 1295 300 ephebo
1311 252 1436 303 atque
1465 249 1612 292 iuvene

157 302 210 342 in
243 301 334 341 aula
360 306 547 340 merente
576 300 746 353 exponit
773 301 979 341 Possinins
1016 302 1058 341 in
1088 303 1201 343 Anna
1247 304 1471 355 Comnena,
1497 307 1617 346 cuius

146 355 347 399 -Alexiaffl
377 357 400 397 Ι.
431 354 456 394 7
485 369 532 394 ea
562 369 638 395 vox
663 360 783 395 extat.
842 362 884 396 at
916 371 1061 397 vocem
1087 355 1338 414 ἑπιᾰγουρον
1367 359 1519 400 iterum
1549 362 1613 402 in-

167 413 291 454 -venio
321 412 362 451 in
390 412 528 452 Leone
557 411 823 464 grammatico
862 426 903 465 p.
922 410 1004 452 460
1037 413 1087 452 de
1115 414 1262 454 Basilio
1293 415 1518 462 Macedone
1548 417 1614 456 di-

168 476 301 520 ctam,
330 482 423 508 cum
459 466 651 507 robustus
680 480 946 521 proceroque
974 481 1154 522 corpore
1184 468 1338 511 iuvenis
1367 469 1615 529 Theophili-

170 524 242 564 tzis
271 522 484 563 comitatui
515 520 693 562 adlectus
721 528 801 571 est,
834 536 956 576 quem
991 524 1278 565 Constantinus
1311 526 1349 566 in
1369 526 1504 566 Basilii
1530 528 1614 568 vita

166 578 363 619 eiusmodi
393 579 599 627 iuvenum,
631 592 678 617 ac
708 579 779 632 qui
810 577 976 630 pulchri
1007 585 1162 630 essent,
1191 579 1380 630 εὐειδεῖς,
1410 581 1469 634 ait
1495 584 1613 624 fuisse

166 633 502 685 studiosissimum
531 647 614 673 non
643 634 748 673 male
767 632 834 673 hic
852 632 897 676 P.
916 635 1032 673 Goar
1048 635 1164 674 vit-ili
1176 652 1189 674 .-
1216 642 1258 675 at
1288 638 1439 688 malim,
1467 640 1615 690 grandi

159 690 405 745 robustoque.
479 688 536 728 ibi
568 702 650 728 non
681 688 818 744 pla-cet
845 695 1042 742 agrestem
1083 692 1287 731 iuvenem-.-
1329 694 1467 746 potins
1493 695 1613 734 roba..

165 754 276 797 suem,
290 747 460 797 jot-tem,
489 744 706 797 grandem5
735 744 786 784 de
813 757 896 798 quo
927 745 1063 785 statim
1081 739 1389 799 οἶονᾶγουρον·
1408 749 1483 789 νῦν
1511 749 1614 790 ἄπε-

169 798 352 851 λαβόμεν
380 800 536 855 qualem
563 814 664 839 nanc
689 801 902 839 masculum
926 802 1130 841 comitatui
1155 802 1320 855 adlegi?
1456 814 1457 817 ’

273 876 299 917 9
356 875 402 917 td
435 874 561 928 πάνυ]
605 876 706 919 nihil
750 883 810 919 est
851 893 928 918 cur
957 877 1189 920 redundare
1228 879 1508 923 existimetur:
1538 897 1614 923 nec

165 933 272 972 enim
315 947 468 973 novum
516 940 563 974 ut
610 941 652 975 et
698 933 958 989 superlativis
1001 933 1196 975 adverbia
1238 935 1438 977 eiusmodi
1468 933 1615 994 adiun-

166 995 330 1042 gantur.
1512 1003 1513 1006 ’

278 1058 326 1099 10
381 1056 518 1111 κόψας
564 1059 639 1100 καί
680 1057 758 1113 τὴν
797 1057 973 1110 animm]
1002 1061 1158 1101 vallum.
1191 1062 1312 1102 latum
1339 1064 1514 1104 excisum
1539 1079 1613 1128 op-

151 1114 321 1168 ‘ponens
376 1114 434 1154 sic
465 1129 506 1168 p‘.
527 1110 610 1155 416
640 1115 897 1170 Nicephorus
926 1117 1132 1157 ambustus
1163 1116 1317 1157 dicitur
1335 1118 1376 1157 in
1405 1120 1612 1174 Bulgaria‚

163 1169 222 1223 τῷ
247 1171 319 1221 τῆς
348 1168 501 1216 σούλας
529 1170 650 1221 nuni:
680 1173 769 1224 igne
799 1172 915 1221 valli,
952 1172 1090 1226 inquit
1114 1173 1342 1213 Anastasius
1371 1188 1520 1229 nempe
1559 1175 1613 1215 li-

164 1223 250 1277 gnis
282 1224 359 1264 iuis
390 1226 536 1279 quibus
563 1225 737 1265 Crumus
770 1231 902 1266 eastra
934 1227 1315 1280 circumsepiverat.

283 1291 327 1330 11
386 1289 462 1329 τοῦ
489 1288 562 1330 καὶ
593 1289 858 1343 Καβαλίνου]
891 1293 988 1333 fecit
1017 1293 1166 1333 Leonis
1195 1293 1296 1334 haec
1322 1294 1533 1350 diligentia
1567 1303 1614 1337 ut

163 1349 206 1384 et
235 1351 374 1398 patres
404 1346 665 1386 Constantini
692 1347 807 1387 istam
838 1349 1201 1404 pseudosynodum
1230 1357 1425 1390 accurate
1453 1351 1613 1391 refuta-

167 1403 332 1449 verint5
382 1415 486 1456 quae
527 1415 673 1441 eorum
699 1403 910 1454 refutatio,
945 1418 1015 1444 seu
1046 1405 1184 1458 potius
1215 1406 1255 1444 S.
1285 1406 1508 1460 Nicephori
1538 1421 1614 1447 eo-

167 1469 260 1495 rum
290 1458 482 1508 nomine,
513 1456 719 1498 luculenta
757 1464 866 1499 extat
909 1460 951 1499 in
983 1473 1068 1499 uno
1098 1459 1190 1502 cod.
1227 1461 1381 1515 Regio,
1411 1475 1614 1517 perquam

167 1511 288 1565 digna
321 1513 422 1553 luce.

280 1579 329 1619 12
383 1579 457 1619 καί
487 1578 740 1630 Kanum-‘³07
775 1578 968 1631 μαθόντα
1014 1576 1088 1634 τήν
1115 1587 1297 1634 reama]
1326 1595 1401 1636 ego
1429 1583 1486 1624 sic
1515 1583 1614 1623 red-

164 1632 271 1684 dam,
300 1635 370 1690 qui
407 1635 644 1686 Casymatha
683 1636 954 1690 lmlimagistro
990 1638 1288 1690 grammaticam
1315 1637 1524 1688 didzbisset,
1552 1653 1612 1677 se-

160 1686 321 1746 vnearq'ue
348 1690 587 1746 legisperitus
618 1690 678 1730 ad
702 1690 914 1746 Sphoracii
937 1693 1053 1732 aedes
1076 1691 1296 1732 diversatus
1324 1691 1423 1732 essee
1437 1707 1485 1732 ac
1507 1707 1611 1750 pue-

162 1758 228 1783 ros
254 1744 455 1785 docuisset.
523 1745 651 1800 liquet
695 1746 804 1787 enim
844 1761 972 1787 unum
1013 1747 1080 1787 hic
1121 1747 1322 1801 designari
1364 1748 1497 1803 Sylaei
1529 1749 1613 1788 sive

168 1800 411 1854 Pergensem
457 1802 693 1854 episcopum
725 1803 945 1841 Antonium
963 1831 974 1851 ‚
1009 1803 1079 1856 qui
1109 1804 1297 1842 omnibus
1326 1803 1388 1842 his
1417 1804 1612 1856 gradibus

168 1868 257 1894 eam
285 1855 336 1894 sit
364 1855 535 1909 adeptus
562 1856 710 1906 sedem,
740 1857 1020 1911 haeresimque
1040 1857 1406 1898 iconomachorum
1433 1871 1614 1912 promo-

166 1911 286 1962 verit,
319 1925 400 1951 non
424 1916 506 1951 tres
536 1911 730 1962 diversos,
760 1911 873 1967 quod
899 1919 1045 1952 sonant
1079 1913 1205 1953 verba
1235 1913 1486 1966 interpretis.

280 1985 330 2028 13
385 1987 506 2041 plura
553 1989 730 2042 ignatius
770 1989 964 2030 diaconus
1004 1989 1053 2030 de
1083 1995 1172 2030 tota
1217 1990 1293 2031 hac
1333 1989 1611 2048 disputatione

167 2043 279 2138 illatsa·
315 2042 540 2098 Nicephori
571 2045 666 2092 vita,
697 2045 864 2100 eiusque
889 2045 998 2086 exitu
1037 2060 1084 2086 ac
1106 2045 1393 2100 persecutione
1420 2046 1611 2101 ecciesiae

281 2162 333 2203 14
383 2165 468 2204 ,τῶν
495 2160 664 2218 ἑυρτῶν]
694 2167 822 2208 amica
842 2168 1005 2208 auctori
1035 2182 1133 2209 vox:
1165 2183 1245 2224 qua
1276 2169 1429 2223 ubique
1459 2167 1608 2209 Christi

167 2219 343 2259 natalem
371 2220 582 2273 significet.

282 2286 331 2326 15
385 2287 599 2341 σκυλῆναι]
628 2291 789 2329 vexari.
846 2287 1023 2330 habetur
1052 2305 1098 2330 ea
1129 2305 1208 2331 vox
1235 2291 1333 2330 Luc.
1363 2290 1387 2330 7
1417 2295 1459 2330 et
1487 2289 1528 2330 8.

278 2361 328 2402 16
382 2361 568 2417 σταυρὸν
608 2362 719 2417 ἔχων
746 2364 903 2417 εἰκόνα]
943 2381 1092 2408 crucem
1121 2371 1163 2408 in
1187 2382 1263 2423 quo
1293 2370 1423 2421 imago
1450 2367 1606 2423 depicta

163 2427 281 2468 esset,
311 2419 421 2459 forte
457 2419 579 2473 ipsius
612 2421 762 2462 Christi
794 2436 840 2462 ex
869 2437 914 2462 ea
945 2423 1171 2476 pendentis,
1204 2438 1326 2478 quam
1356 2423 1603 2476 ipsamico..

167 2473 370 2514 noclastae
399 2475 702 2527 improbabant.
775 2477 922 2517 nudam
965 2493 1129 2520 crucem
1160 2480 1350 2519 hactenus
1396 2479 1423 2518 ii
1449 2477 1606 2518 tolera-

164 2529 278 2581 bant,
309 2543 357 2569 eo
387 2530 574 2571 mitiores
616 2532 746 2572 nostri
778 2533 866 2572 aevi
894 2535 1097 2585 sectariis,
1131 2548 1212 2574 non
1243 2535 1298 2574 ita
1328 2548 1432 2587 quae
1459 2533 1605 2573 adiun-

168 2590 252 2623 ctas
282 2586 346 2624 vel
378 2586 559 2639 appictas
598 2587 788 2642 imagines
818 2588 999 2629 haberet.
1066 2605 1231 2630 crucem
1268 2604 1400 2642 nuper
1432 2589 1604 2642 ligneam

159 2640 318 2680 ferente
349 2643 510 2681 Graeco
540 2641 864 2684 hieromonacho
886 2645 981 2695 vidi,
1011 2647 1051 2685 in
1084 2661 1164 2700 qua
1194 2651 1281 2685 tota
1308 2645 1393 2685 fere
1425 2659 1604 2699 euange-

162 2695 236 2734 lica
266 2695 436 2736 historia
472 2697 609 2737 subtili
637 2699 730 2738 satis
751 2700 949 2739 statuario
979 2715 1107 2753 opere
1135 2701 1269 2741 efficta
1298 2700 1476 2741 extabat.
