1838 3132
236 99 330 146 126
633 85 852 158 [Leonis
891 85 1271 158 GRAMMATlci]

235 219 357 269 στέα,
397 213 419 257 ὃ
456 209 611 270 ἤρξατο
648 216 797 265 κτίζειν
825 213 1089 262 Ἀναστάσιος
1118 212 1140 253 ὅ
1173 211 1386 265 βασιλεύς.
1453 214 1558 270 ἤνδὲ
1583 214 1677 258 Ἀν-

234 282 396 336 τιόχεια
423 284 613 335 σειομέιή
644 281 718 320 οὐκ
747 278 947 334 ἐπαύετο,
974 281 1102 333 μέχρι
1143 274 1194 320 οὗ
1221 277 1356 336 ἐφάνη
1383 282 1579 334 θεοσεβεῖ
1602 284 1680 323 ‹iv-

237 347 392 405 θρώπῳ
417 346 648 401 ἐπιγράψαι
675 345 732 393 εἰς
751 344 801 386 τοὶ
829 342 1051 398 ὑπέρθυρα
1069 339 1154 387 τῶν
1173 346 1308 401 φλιῶν
1341 345 1555 398 ι(Χριστὸς
1581 350 1680 399 μεθ’

240 414 385 468 ἡμῶν·
415 413 574 467 στῆτε.”
605 410 677 451 καί
704 411 854 452 τούτου
884 412 1105 464 γενομένου
1141 410 1240 466 ἔστη
1275 412 1300 466 ἧ
1330 409 1430 467 σ’ργῆ
1458 414 1533 453 τοῦ
1562 415 1679 468 θεοῦ,

243 479 312 521 καὶ
341 479 478 521 ἔκτοτε
507 475 531 531 ἦ
561 478 679 525 πόλις
707 476 936 531 ὠνομάσθη
969 475 1213 526 Θεούπολις.
1690 484 1712 518 5

348 549 434 591 'Em'
477 549 606 590 αὐτοῦ
634 548 772 602 γέγονε
811 548 1008 603 δημοτικὴ
1041 549 1259 604 α’νταρσιά,
1294 551 1368 590 καί
1391 547 1464 604 τήν
1488 565 1531 591 τε
1559 542 1683 602 ἁγίαν

242 618 403 672 Σοφίαν
431 615 503 656 καὶ
528 613 601 656 τὸν
628 616 703 657 τοῦ
731 613 850 656 ὅσιόυ
870 613 1034 668 Σαμψώ
1065 611 1176 656 οἶκον
1203 614 1308 669 μετὰ
1339 618 1423 657 τῶν
1450 617 1683 671 ἀρρώστων

242 682 313 724 καί
340 681 410 736 τήν
454 680 615 723 εἴσοδον
655 683 729 724 τοῦ
778 683 986 722 παλατιόυ
1027 680 1103 735 την
1128 679 1417 736 χαλκόστεγον,
1444 682 1520 737 τὴν
1549 680 1685 724 ἔκτοτε

242 750 316 790 καί
340 751 411 790 νῦν
429 749 590 800 χαλκῆν
617 749 1030 801 προσαγορευομένην
1060 746 1130 788 διὰ
1162 747 1209 788 τὸ
1238 749 1282 789 ἐκ
1298 751 1465 802 χαλκῶν
1492 749 1685 803 κεράμων

243 813 573 868 κεχρυσωμένων
601 813 855 866 ἑστεγοίσθαι
881 810 1027 867 αὐτήν,
1056 812 1128 853 καί
1153 812 1250 861 τούς
1277 813 1352 854 δύο
1380 812 1585 867 ἐμβόλους
1610 816 1743 866 pce-10

240 895 315 934 χρι
345 882 416 920 τοῦ
466 877 604 934 φόρου
646 880 932 930 κατέκαυσαν,
961 879 1034 919 καί
1055 877 1348 920 Ἰουστινιανόν
1373 880 1551 932 βασιλέα
1578 875 1687 921 οἴνα-

243 943 537 997 θεματίζοντες
565 941 806 1000 ἐφύβριζον,
828 942 1023 985 “Υπα’τιον
1048 944 1095 984 δὲ
1123 947 1336 998 πατρίκιον
1363 944 1616 1002 εὐφήμησαν
1643 947 1688 987 ἐν

244 1013 300 1069 τῷ
329 1010 559 1062 καθίσματι
587 1011 836 1062 στέψαντες·
906 1005 998 1063 ἥτις
1026 1009 1232 1064 α’νταρσία
1262 1008 1430 1065 ἐπαύθη
1459 1009 1528 1052 διὰ
1562 1013 1688 1052 Βελι-

245 1079 395 1132 σαριόυ
427 1077 498 1117 καί
525 1075 732 1117 Μούνδου
765 1075 837 1117 καί
866 1078 1032 1131 Ναρσῆ,
1061 1073 1293 1118 α’νελόντων
1320 1078 1540 1132 τριάκοντα
1570 1078 1689 1119 πέντε

245 1141 439 1196 χιλιάδας
465 1144 538 1184 καί
573 1140 704 1183 αὐτὸν
727 1139 921 1183 Ὑπάτιον
961 1143 1005 1183 ἐν
1050 1143 1109 1198 τῷ
1137 1140 1401 1199 ἱπποδρόμῳ.
1458 1140 1689 1184 ἀνεκαίνισε
1703 1153 1747 1188 15

249 1211 295 1251 δὲ
335 1210 379 1250 ἐκ
408 1208 614 1261 &speeiem
659 1206 681 1248 ὅ
707 1206 1002 1256 Ἰουστινιανὸς
1042 1206 1118 1261 τήν
1155 1210 1234 1250 τοῦ
1270 1210 1380 1249 θεοῦ
1411 1207 1597 1264 μεγάλην
1623 1209 1691 1250 ἐκ·

248 1276 430 1330 κλησιάν.

353 1352 504 1395 'lor-{ov
547 1353 593 1393 δὲ
640 1346 706 1392 ὅτι
745 1353 802 1407 τῷ
839 1348 1175 1407 ἑξακισχιλιοστῷ
1212 1348 1252 1402 μ’
1283 1348 1367 1392 ἔτει
1415 1349 1496 1392 οἷπὸ
1525 1353 1694 1402 κτίσεως

251 1418 419 1473 κοσμοῧ,
449 1418 702 1466 ἷνδικτιῶνος
731 1418 791 1469 ιε’,
821 1414 911 1473 αῗρᾳ
932 1414 1071 1473 πρώτῃ
1100 1418 1174 1470 τῆς
1202 1416 1376 1471 ἡμέρας,
1404 1419 1482 1458 τοῦ
1497 1419 1694 1471 Φεβρυα-

249 1485 342 1537 ριόυ
373 1482 504 1538 μηνὸς
531 1485 693 1538 εἰκοστῇ
710 1480 756 1536 γ’,
787 1480 859 1524 τὸν
887 1484 961 1538 τῆς
985 1485 1179 1537 μεγίστης
1207 1485 1423 1538 ἐκκλησίας
1452 1482 1750 1537 α’νοικισμὸν20

249 1546 398 1605 ἤρξατο
424 1555 556 1591 ποιεῖν
584 1548 605 1591 ὁ
630 1545 919 1598 Ἰουστινιανός
947 1551 1006 1598 εἰς
1034 1551 1181 1598 κάλλος
1208 1551 1280 1590 καί
1305 1551 1480 1604 μέγεθος
1511 1547 1615 1603 ὑπὲρ
1643 1546 1691 1591 τὸ

250 1615 462 1671 πρότερον,
492 1614 712 1669 παραδούς
729 1615 803 1655 καί
828 1615 1033 1670 τροπὰρια
1062 1615 1172 1671 αὐτῇ
1189 1614 1263 1656 ὑπ’
1290 1617 1419 1657 αὐτοῦ
1445 1618 1693 1668 μελισθέντα

250 1679 490 1735 Ψάλλεσθαι
528 1680 578 1721 “o‘
611 1679 833 1735 μονογενής
870 1678 962 1729 υἱὸς
1006 1681 1080 1722 καί
1105 1681 1224 1735 λόγος
1265 1683 1338 1723 τοῦ
1366 1683 1508 1724 θεοῦ.”
1583 1673 1690 1723 ἀλλὰ

254 1887 341 1916 tum.
390 1882 599 1915 Antiochiae
616 1887 734 1915 autem
758 1888 873 1915 terrae
891 1887 1007 1916 motus
1025 1894 1100 1917 non
1123 1883 1220 1929 prius
1243 1883 1401 1925 cessavit,
1426 1894 1532 1930 quam
1556 1882 1693 1916 homini

254 1929 316 1975 pio
341 1927 511 1962 divinitus
535 1930 742 1962 nunciatum
770 1935 835 1971 est,
862 1935 901 1963 ut
924 1930 1095 1963 scriberet
1118 1941 1223 1976 super
1246 1936 1366 1975 postes
1392 1936 1539 1976 portae:
1562 1930 1694 1964 “Chri-

255 1981 330 2010 stus
354 1976 549 2017 nobiscum,
573 1977 790 2009 consistite.'’
840 1989 910 2022 quo
940 1977 1031 2010 facto
1060 1977 1113 2010 ira
1141 1977 1200 2011 dei
1228 1977 1390 2011 consedit
1413 1983 1450 2010 et
1473 1976 1556 2010 inde
1582 1987 1626 2010 ex
1649 1987 1693 2010 eo

255 2029 415 2068 tempore
442 2024 525 2056 urbs
550 2025 733 2056 nominata
759 2029 813 2056 est
837 2025 1044 2069 Theopolis.

349 2071 398 2102 Eo
426 2077 596 2114 regnante
620 2070 749 2103 seditio
775 2071 900 2116 populi
925 2077 1003 2104 orta
1033 2075 1096 2111 est,
1122 2076 1158 2104 et
1179 2076 1335 2104 sanctam
1361 2068 1528 2115 Sophiam
1555 2075 1591 2102 et
1613 2081 1696 2103 san-

257 2117 304 2150 cti
334 2117 479 2161 Sampso
517 2117 641 2149 domus
680 2129 758 2149 cum
794 2119 941 2151 infirmis
970 2124 1006 2151 et
1031 2118 1158 2163 palatii
1193 2117 1327 2150 aditum
1353 2128 1432 2149 acre
1460 2122 1604 2157 tectum,
1631 2117 1695 2163 qui

257 2163 341 2196 inde
361 2163 476 2196 adhuc
491 2164 647 2197 aheneus
664 2163 805 2205 dicitur,
832 2171 956 2211 utpote
983 2171 1112 2199 stratus
1139 2165 1267 2208 tegulis
1287 2164 1432 2196 aheneis
1457 2164 1629 2197 inauratis
1658 2169 1695 2197 et

255 2210 342 2243 bina
366 2216 479 2243 rostra
503 2222 615 2257 usque
642 2210 686 2243 ad
722 2211 837 2244 forum
863 2212 1131 2246 combusserunt
1165 2218 1201 2244 et
1224 2212 1459 2244 Iustinianum
1488 2222 1603 2254 regem
1630 2221 1694 2244 ex-

256 2258 554 2302 communicatum
579 2259 670 2291 male
697 2263 902 2299 tractarunt,
930 2260 1117 2304 Hypatium
1145 2258 1330 2304 patricium
1359 2269 1474 2300 regem
1495 2258 1696 2291 salutarunt

257 2306 398 2338 coronis
432 2305 470 2337 in
501 2305 593 2338 solio
631 2312 809 2338 ornantes.
860 2318 1003 2351 opressa
1039 2311 1092 2339 est
1126 2305 1255 2338 seditio
1292 2316 1312 2337 a
1338 2304 1530 2346 Belisario,
1559 2303 1696 2339 Mundo

258 2357 295 2385 et
319 2352 466 2385 Nar-sete
490 2352 634 2395 triginta
659 2353 816 2397 quinque
849 2354 1008 2386 millibus
1043 2352 1226 2385 hominum
1253 2364 1329 2384 cum
1357 2353 1435 2397 ipso
1466 2351 1620 2397 Hypatio
1657 2353 1696 2385 in

258 2400 350 2432 circo
374 2399 583 2433 interfectis.
631 2400 788 2432 restituit
810 2411 853 2433 ex
878 2399 1109 2433 fundamento
1133 2400 1349 2432 lustinianus
1374 2410 1532 2443 maguam
1561 2397 1618 2432 dei
1637 2409 1696 2432 ee-

258 2446 415 2480 clesiam.

351 2503 538 2538 Sciendum
564 2508 628 2542 est,
653 2515 745 2536 anno
770 2502 861 2538 6040
890 2515 910 2536 a
935 2509 1055 2537 creato
1091 2503 1235 2543 mundo,
1267 2502 1475 2536 indictionis
1502 2503 1556 2544 15,
1583 2503 1696 2549 prIma

258 2548 345 2582 hora
374 2550 445 2584 diei
471 2550 504 2584 d.
536 2550 582 2583 23
607 2550 789 2584 Februarii
824 2552 1059 2584 Iustinianum
1084 2551 1257 2595 incepisse
1296 2551 1560 2584 restitutionem
1582 2550 1696 2583 maxi-

260 2607 339 2629 mae
366 2598 549 2638 ecclesiae,
575 2598 626 2630 ita
662 2603 702 2631 ut
728 2597 993 2643 pulchritudine
1026 2603 1063 2630 et
1084 2596 1330 2641 magnitudine
1366 2598 1521 2643 priorem
1548 2607 1695 2642 supera-

262 2648 333 2686 τοις
360 2655 498 2679 carmen
514 2656 658 2692 quoque
685 2657 704 2678 a
730 2656 767 2679 se
783 2646 1018 2690 compositum
1050 2644 1198 2678 tradidit
1223 2644 1437 2679 cantandum
1463 2643 1695 2690 “unigenitus
