1838 3132
293 132 390 184 456
788 178 791 180 r
843 135 1178 178 Ens'rA'rfflus
1222 147 1225 151 ·
1253 148 1255 150 ·

293 246 435 296 γραῖα,
458 237 583 282 πάλιν
611 235 884 297 ἐμογγιλάλεα
940 236 1198 290 α’πεφοιζβαζε
1227 235 1273 277 δὲ
1303 230 1387 291 ἄρα
1414 236 1437 278 ὅ
1468 236 1581 292 λόγος
1606 231 1729 284 οὗτος

295 305 397 348 κατά
426 323 466 348 τι
494 301 749 347 Πυθωνικὸν
779 300 835 350 ὥς
863 301 887 356 ἦ
927 299 1191 355 πρεσβυτάτη
1219 301 1638 357 Θεσσαλονίκηυπρός
1666 300 1727 344 εἴ-

297 372 410 412 δωλα
439 370 654 422 καμόντων
688 366 869 421 οἴχεται,
897 365 1005 408 καθὰ
1053 368 1124 408 καί
1149 364 1279 408 πάλαι
1307 369 1426 422 ποτέ,
1455 365 1513 418 ὥς
1540 370 1585 419 ἐξ
1611 365 1728 415 ἱστο-

298 438 390 490 ρίας
419 435 592 489 καθήκει
622 431 693 475 καί
724 434 784 481 εἰς
809 432 936 487 ἡμᾶς.
1006 433 1078 473 καί
1104 428 1210 486 ἦσαν
1239 430 1278 473 οἱ
1305 434 1419 474 λίθοι
1446 433 1730 489 α’κριβόςᾶυ.

297 504 511 554 δραχθεῖς,
539 499 707 548 ὁποίους
735 497 841 539 κατὰ
870 500 950 540 τῶν
978 497 1093 552 α’μφί
1118 496 1187 539 τόν
1215 498 1418 541 Ὀδυσσέα
1447 497 1486 541 οἱ
1511 502 1762 554 Antoren-⁴5

295 566 408 620 γὸνες
437 565 746 618 διεχειρίζοντο.
1140 572 1146 578 ’

411 633 497 673 Τοῦ
525 630 664 671 τοίνυν
685 631 814 671 κακοῦ
842 628 950 671 κάτω
979 630 1056 682 μὲν
1083 630 1416 680 ἀναστομοῦντος
1435 629 1494 678 εἷς
1519 627 1735 683 α’ξιόλογον

294 696 442 751 χάσμα
471 695 544 748 τὴν
573 698 648 738 τοῦ
675 697 839 748 τείχους
859 694 1144 750 στεγανότητα,
1176 689 1261 736 ἅνω
1290 696 1335 736 δὲ
1364 693 1567 743 τοιούτοις
1597 696 1733 743 λίθοις

298 764 358 810 εἰς
385 760 537 816 τρόμον
575 763 847 815 βιαζομένου,
888 758 1049 811 ὀκλάζει
1087 759 1132 802 τὸ
1172 761 1246 801 καί
1285 759 1381 809 τούς
1427 759 1559 809 πόδας
1583 761 1657 802 καί
1681 758 1732 802 τὰ

298 825 484 882 ὕπερθεν
527 826 666 868 παθὸν
709 828 783 869 καί
808 841 894 874 πως
937 828 1008 867 ἐπί
1031 825 1130 879 γόνυ
1173 824 1408 881 συνιζάνει,
1437 825 1487 868 τά
1517 826 1732 879 γε’-πρῶτα
1747 829 1792 864 10

302 890 551 946 εὕμηχάνως
579 892 849 947 συνεστηκός,
887 890 964 940 ἕως
1011 890 1048 933 οἱ
1091 893 1169 944 μὲν
1213 889 1510 944 ’ὗπορὺττοντες
1550 888 1622 932 τὸν
1647 895 1734 932 κατ’

305 958 455 1006 αὖτοὺς
497 953 650 998 ἄεθλον
693 958 926 1012 διηνυκότες
961 955 1297 1012 ἀποκατέστησαν
1326 961 1417 1005 ταῖς
1441 958 1522 998 τῶν
1547 959 1741 1009 συμβαρι

303 1023 447 1076 βάρων
474 1028 653 1078 σκηναῖς,
682 1022 733 1064 τοὶ
768 1025 813 1065 δὲ
842 1020 1156 1076 ὑποβεβλημένα
1194 1023 1254 1071 εἰς
1283 1020 1457 1076 ἔρεισμα
1484 1025 1537 1078 τῇ
1565 1023 1740 1077 διορυγῇ

305 1086 484 1142 κατεκάη
528 1088 585 1135 ὥς
631 1090 778 1130 δοῦναι
823 1086 950 1129 τόπον
983 1090 1174 1128 ἐντεῦθεν
1214 1089 1263 1144 τῇ
1290 1086 1520 1140 κατακύψει
1549 1089 1626 1130 τοῦ
1651 1089 1739 1129 τεί-

303 1169 422 1207 χους.
480 1148 606 1206 οὗπερ
640 1150 773 1201 οὕτως
804 1151 1093 1200 ὖποκλιθέντος
1129 1153 1188 1200 εἰς
1230 1151 1492 1206 πλαγιασμόν
1520 1150 1738 1206 συμβαίνει
1755 1162 1797 1198 15

307 1217 353 1261 τὸ
386 1219 544 1260 ἐκείνου
588 1214 713 1272 ἄκρον
754 1220 1017 1272 διαιρεθῆναι
1061 1213 1223 1259 ἄνωθεν
1257 1216 1333 1266 ἕως
1374 1221 1448 1259 καί
1473 1215 1610 1270 κάτω,
1638 1215 1742 1260 ἔνθα

309 1299 395 1332 πως
432 1285 706 1337 ἑγλωχινοῦτο
746 1283 1047 1337 γωνιούμενον,
1094 1282 1166 1324 καί
1202 1285 1416 1336 διαχανεῖν
1448 1285 1507 1331 εἰς
1548 1281 1744 1337 ἡμέτερον

311 1345 501 1403 ὄλεθρον.
559 1350 636 1389 τοῦ
673 1347 753 1403 γὰρ
782 1348 1026 1389 συνδετικοῦ
1063 1349 1375 1401 παραλυθέντος
1403 1347 1551 1401 εἱρμοῧ
1576 1346 1744 1402 ἕσχιστο

310 1417 353 1466 ἐξ
380 1411 583 1469 ἇνάγκης,
631 1410 696 1455 ὅτι
722 1414 831 1468 μηδὲ
865 1409 976 1467 εἶχεν
1004 1411 1029 1468 ἧ
1065 1415 1240 1468 ἐχομένη
1280 1413 1439 1467 πλευρά
1469 1415 1746 1468 ε’γκαθεστῶτι

311 1479 539 1535 ἡρμόσθαι,
568 1482 638 1534 τῆς
678 1481 722 1521 ἐκ
754 1482 938 1534 πλαγίων
964 1476 1222 1534 ὁπενδούσης
1259 1478 1364 1520 κατὰ
1393 1479 1535 1532 βάρος,
1564 1480 1654 1520 ἄλλ’
1680 1475 1745 1520 ἐκ·
1757 1484 1804 1519 20

313 1543 517 1598 πέμψασά
552 1561 591 1587 τι
627 1543 777 1600 ἑαυτῆς
818 1546 976 1601 α’φῆκεν
1027 1546 1326 1586 ἐπακολουθεῖν
1362 1547 1658 1601 κατακλιθεῶῃ
1695 1546 1749 1599 τῇ

315 1614 493 1664 γείτονι·
549 1613 619 1652 καὶ
645 1608 751 1652 οὕτω
777 1610 982 1666 χάσμημα
1010 1613 1103 1652 καθ’
1134 1610 1248 1665 ἡμῶν
1267 1608 1414 1652 ’Ἁιδου
1443 1610 1646 1665 εὕρυνθὲν
1673 1625 1749 1650 κα-

318 1677 518 1717 τέσπακεν
552 1677 608 1724 εἰς
633 1675 736 1729 χάος
763 1676 1000 1730 α’τριῖγετον.

421 1736 500 1782 Ἦν
533 1743 578 1782 δὲ
625 1740 645 1782 ὅ
691 1741 814 1790 τόπος
842 1737 960 1790 οὗτος
1006 1739 1158 1796 πύργος
1188 1739 1558 1795 Χαμαιὸροίκοντος
1583 1741 1752 1795 ἐπικλη-

324 1851 427 1873 rauca
453 1839 628 1873 clamavit.
657 1851 747 1886 quae
774 1841 881 1874 verba
908 1842 1007 1886 quasi
1022 1839 1306 1875 vaticinabantur
1327 1839 1435 1873 modo
1450 1839 1589 1883 Pythio,
1600 1839 1752 1874 Thessa-

324 1888 488 1927 lonicum,
515 1887 636 1920 urbem
649 1888 935 1928 vetustissimam,
965 1888 1011 1920 ad
1037 1898 1156 1921 manes
1181 1887 1409 1920 discessuram
1439 1897 1525 1927 esse,
1551 1887 1643 1920 sicut
1667 1887 1752 1920 olim

325 1933 520 1978 aliquando
560 1933 690 1967 factum
727 1945 802 1967 esse
842 1936 1031 1968 memoriae
1067 1934 1249 1979 proditum
1286 1938 1350 1966 est.
1407 1938 1507 1965 erant
1530 1938 1648 1966 autem
1671 1943 1754 1966 saxa

326 1979 389 2012 illa
419 1991 461 2013 eo
488 1991 619 2021 onere,
654 1980 710 2013 cui
743 1981 833 2013 vires
859 1982 964 2014 unius
1001 1981 1156 2014 hominis
1184 1981 1243 2013 vix
1266 1979 1489 2020 sufficerent,
1516 1979 1644 2012 similia
1668 1979 1754 2020 illis,

328 2037 420 2070 quae
446 2027 483 2058 in
505 2027 662 2069 Ulyssem
691 2032 726 2059 et
750 2027 862 2060 socios
904 2028 978 2060 eius
1002 2029 1256 2071 Laestrygones
1282 2030 1467 2060 torserunt.

419 2072 536 2117 Quum
561 2073 668 2116 igitur
694 2073 785 2106 infra
810 2073 908 2106 hiatu
932 2073 1027 2106 haud
1042 2075 1167 2117 exiguo
1190 2084 1310 2106 murus
1337 2071 1577 2112 divelleretur,
1603 2081 1756 2116 superno

330 2124 446 2151 autem
463 2119 500 2151 in
514 2125 700 2152 tremorem
713 2120 821 2153 tantis
849 2120 1049 2165 adigeretur
1064 2121 1168 2160 saxis,
1193 2120 1356 2153 vacillare
1381 2118 1444 2151 ille
1458 2123 1636 2163 coeperat,
1652 2123 1690 2152 et
1700 2118 1758 2152 in-

332 2166 431 2197 ferne
455 2171 492 2198 et
516 2177 666 2210 superne
700 2166 865 2208 amictus,
893 2173 929 2200 et
949 2168 1049 2212 quasi
1065 2167 1102 2199 in
1126 2177 1238 2210 genua
1252 2170 1448 2211 prostratus
1472 2170 1536 2206 est,
1552 2164 1649 2210 prius
1675 2169 1757 2210 apte

330 2217 542 2257 compactuS,
570 2211 683 2245 donec
713 2213 756 2252 ii,
799 2215 859 2258 qui
886 2213 988 2246 illum
1016 2213 1242 2254 subruebant,
1269 2222 1376 2256 opera
1401 2222 1463 2245 sua
1484 2210 1657 2253 defuncti,
1681 2211 1758 2245 dis-

330 2264 512 2291 cesserunt
538 2259 575 2291 in
601 2259 879 2292 commilitonum
906 2261 1074 2300 tentoria,
1102 2265 1138 2293 et
1159 2259 1341 2304 supposita
1369 2257 1415 2290 ad
1437 2257 1657 2292 fulciendam
1681 2257 1756 2292 rui-

331 2316 411 2338 nam
435 2305 530 2349 ligna
554 2304 832 2348 conflagrarunt,
858 2312 897 2339 ut
921 2318 1040 2339 murus
1075 2305 1187 2339 libere
1215 2305 1285 2338 iam
1308 2310 1427 2349 posset
1449 2303 1648 2338 concidere.
1697 2304 1760 2350 qui

333 2363 410 2384 cum
436 2351 485 2384 ita
508 2350 709 2396 procideret
734 2363 814 2385 casu
849 2353 1023 2398 obliquo,
1050 2353 1180 2386 factum
1207 2357 1270 2391 est,
1298 2356 1336 2384 ut
1363 2361 1383 2383 a
1407 2362 1541 2384 summo
1567 2351 1614 2385 ad
1638 2351 1760 2391 imum,

333 2398 396 2431 ubi
423 2397 460 2430 in
485 2399 651 2442 angulum
675 2397 784 2431 flexus
811 2405 897 2441 erat,
922 2399 1150 2432 divelleretur
1175 2403 1210 2431 et
1234 2398 1279 2430 ad
1295 2397 1488 2442 perniciem
1512 2403 1665 2431 nostram
1683 2398 1760 2431 hia-

335 2450 399 2478 ret.
449 2455 601 2490 namque
626 2445 767 2477 vinculo
793 2457 834 2478 eo
853 2446 982 2487 soluto,
1006 2446 1201 2479 necessario
1230 2449 1336 2478 totus¹
1351 2450 1474 2490 ruptus
1498 2450 1572 2485 est,
1596 2445 1681 2489 quia
1704 2444 1760 2476 la-

338 2497 392 2523 (ns
423 2492 625 2536 contiguum
651 2501 724 2523 non
749 2491 817 2524 iam
842 2492 1009 2533 habebat,
1035 2504 1104 2537 quo
1122 2492 1348 2532 inniteretur,
1371 2497 1470 2535 parte
1493 2491 1640 2535 obliqua
1667 2501 1760 2536 pon-

336 2537 419 2570 dere
453 2548 515 2570 suo
541 2537 707 2582 collapsa,
731 2537 792 2569 sed
815 2549 1003 2583 parumper
1026 2539 1103 2571 loco
1143 2543 1274 2571 motum
1300 2538 1434 2571 ruinam
1458 2537 1630 2571 finitimae
1654 2537 1762 2582 partis

337 2589 495 2618 secutum
527 2590 590 2616 est.
641 2584 690 2616 ita
716 2595 779 2616 nos
806 2586 907 2628 quasi
934 2586 1024 2618 Orco
1057 2584 1222 2618 adversus
1243 2583 1379 2626 hiante,
1403 2585 1442 2617 in
1465 2589 1600 2618 vastam
1623 2583 1762 2627 voragi-

337 2641 416 2663 nem
448 2631 623 2675 absumpti
647 2641 777 2663 sumus.

430 2677 511 2710 Erat
535 2682 651 2710 autem
689 2678 784 2710 locus
809 2676 873 2709 ille
900 2678 1002 2710 turris
1031 2673 1368 2718 Chamaedraconis,
1395 2677 1595 2722 appellatus
1618 2675 1763 2710 nomino
