<?xml version="1.0" encoding="UTF-8"?>
<!DOCTYPE html PUBLIC "-//W3C//DTD XHTML 1.0 Transitional//EN"
    "http://www.w3.org/TR/xhtml1/DTD/xhtml1-transitional.dtd">
<html xmlns="http://www.w3.org/1999/xhtml" xml:lang="en" lang="en">
 <head>
  <title>
</title>
<meta http-equiv="Content-Type" content="text/html;charset=utf-8" />
  <meta name='ocr-system' content='tesseract 3.04.00' />
  <meta name='ocr-capabilities' content='ocr_page ocr_carea ocr_par ocr_line ocrx_word'/>
</head>
<body>
  <div class='ocr_page' id='page_1' title='image "./corpusscriptorum34niebuoft/corpusscriptorum34niebuoft_0531.png"; bbox 0 0 1838 3132; ppageno 0'>
   <div class='ocr_carea' id='block_1_1' title="bbox 743 125 1564 172">
    <p class='ocr_par' dir='ltr' id='par_1_1' title="bbox 743 125 1564 172">
     <span class='ocr_line' id='line_1_1' title="bbox 743 125 1564 172; baseline 0.001 -1"><span class='ocrx_word' id='word_1_1' title='bbox 743 128 940 171; x_wconf 76' lang='lat' dir='ltr'><strong>NOTAE.</strong></span> <span class='ocrx_word' id='word_1_2' title='bbox 1470 125 1564 172; x_wconf 80' lang='lat'>519</span> 
     </span>
    </p>
   </div>
   <div class='ocr_carea' id='block_1_2' title="bbox 118 227 1573 805">
    <p class='ocr_par' dir='ltr' id='par_1_2' title="bbox 118 227 1570 339">
     <span class='ocr_line' id='line_1_2' title="bbox 156 227 1570 284; baseline 0 -14"><span class='ocrx_word' id='word_1_3' title='bbox 156 260 158 263; x_wconf 75' lang='lat'><em>·</em></span> <span class='ocrx_word' id='word_1_4' title='bbox 224 227 284 271; x_wconf 80' lang='grc'>’36</span> <span class='ocrx_word' id='word_1_5' title='bbox 341 229 461 270; x_wconf 71' lang='lat' dir='ltr'>lunius</span> <span class='ocrx_word' id='word_1_6' title='bbox 503 229 764 271; x_wconf 74' lang='lat' dir='ltr'><strong>Constantini</strong></span> <span class='ocrx_word' id='word_1_7' title='bbox 800 230 1073 270; x_wconf 74' lang='lat' dir='ltr'>constentiam</span> <span class='ocrx_word' id='word_1_8' title='bbox 1113 235 1239 284; x_wconf 79' lang='lat' dir='ltr'>atque</span> <span class='ocrx_word' id='word_1_9' title='bbox 1267 243 1440 283; x_wconf 84' lang='lat' dir='ltr'>operam</span> <span class='ocrx_word' id='word_1_10' title='bbox 1467 245 1570 270; x_wconf 92' lang='lat' dir='ltr'>con-</span> 
     </span>
     <span class='ocr_line' id='line_1_3' title="bbox 118 284 1404 339; baseline 0 -13"><span class='ocrx_word' id='word_1_11' title='bbox 118 284 324 326; x_wconf 70' lang='lat' dir='ltr'>firmando</span> <span class='ocrx_word' id='word_1_12' title='bbox 353 284 587 338; x_wconf 68' lang='lat' dir='ltr'>Theophilo</span> <span class='ocrx_word' id='word_1_13' title='bbox 616 285 790 339; x_wconf 81' lang='lat' dir='ltr'>pulchre</span> <span class='ocrx_word' id='word_1_14' title='bbox 829 291 997 326; x_wconf 79' lang='lat' dir='ltr'><strong>enarrat</strong></span> <span class='ocrx_word' id='word_1_15' title='bbox 1029 284 1215 325; x_wconf 78' lang='lat' dir='ltr'>laudatus</span> <span class='ocrx_word' id='word_1_16' title='bbox 1243 289 1404 327; x_wconf 77' lang='lat' dir='ltr'>auctor.</span> 
     </span>
    </p>

    <p class='ocr_par' dir='ltr' id='par_1_3' title="bbox 118 348 1568 447">
     <span class='ocr_line' id='line_1_4' title="bbox 140 348 1568 407; baseline 0 -15"><span class='ocrx_word' id='word_1_17' title='bbox 140 353 143 356; x_wconf 53' lang='lat'><strong>⁴</strong></span> <span class='ocrx_word' id='word_1_18' title='bbox 176 369 180 374; x_wconf 82' lang='grc'>’</span> <span class='ocrx_word' id='word_1_19' title='bbox 227 350 281 392; x_wconf 83' lang='lat'>37</span> <span class='ocrx_word' id='word_1_20' title='bbox 335 348 383 391; x_wconf 79' lang='grc' dir='ltr'>τὰ</span> <span class='ocrx_word' id='word_1_21' title='bbox 432 351 775 403; x_wconf 68' lang='grc' dir='ltr'><strong><em>Σαξιμοδέξομον]</em></strong></span> <span class='ocrx_word' id='word_1_22' title='bbox 820 352 989 407; x_wconf 80' lang='lat' dir='ltr'>exponit</span> <span class='ocrx_word' id='word_1_23' title='bbox 1029 351 1302 392; x_wconf 76' lang='lat' dir='ltr'>continuator</span> <span class='ocrx_word' id='word_1_24' title='bbox 1328 350 1429 406; x_wconf 83' lang='lat' dir='ltr'>quid</span> <span class='ocrx_word' id='word_1_25' title='bbox 1463 351 1568 392; x_wconf 87' lang='lat' dir='ltr'>istud</span> 
     </span>
     <span class='ocr_line' id='line_1_5' title="bbox 118 407 545 447; baseline -0.007 0"><span class='ocrx_word' id='word_1_26' title='bbox 118 407 158 447; x_wconf 83' lang='lat' dir='ltr'>ln</span> <span class='ocrx_word' id='word_1_27' title='bbox 190 421 240 447; x_wconf 90' lang='lat' dir='ltr'>eo</span> <span class='ocrx_word' id='word_1_28' title='bbox 272 407 391 447; x_wconf 81' lang='lat' dir='ltr'>fonte</span> <span class='ocrx_word' id='word_1_29' title='bbox 419 412 545 446; x_wconf 86' lang='lat' dir='ltr'>esset.-</span> 
     </span>
    </p>

    <p class='ocr_par' dir='ltr' id='par_1_4' title="bbox 118 469 1573 805">
     <span class='ocr_line' id='line_1_6' title="bbox 229 469 1572 528; baseline -0.002 -15"><span class='ocrx_word' id='word_1_30' title='bbox 229 470 284 527; x_wconf 74' lang='grc'>38</span> <span class='ocrx_word' id='word_1_31' title='bbox 309 476 311 478; x_wconf 74' lang='grc'><strong>’</strong></span> <span class='ocrx_word' id='word_1_32' title='bbox 339 469 485 526; x_wconf 68' lang='grc' dir='ltr'>αὐτόν]</span> <span class='ocrx_word' id='word_1_33' title='bbox 516 471 657 512; x_wconf 88' lang='lat' dir='ltr'>melius</span> <span class='ocrx_word' id='word_1_34' title='bbox 688 470 825 522; x_wconf 67' lang='grc' dir='ltr'><strong><em>αὐτοί,</em></strong></span> <span class='ocrx_word' id='word_1_35' title='bbox 857 471 1051 528; x_wconf 82' lang='lat' dir='ltr'><strong>deestque</strong></span> <span class='ocrx_word' id='word_1_36' title='bbox 1071 489 1150 514; x_wconf 85' lang='lat' dir='ltr'>vox</span> <span class='ocrx_word' id='word_1_37' title='bbox 1168 474 1221 513; x_wconf 82' lang='lat' dir='ltr'>ali</span> <span class='ocrx_word' id='word_1_38' title='bbox 1253 487 1318 524; x_wconf 82' lang='lat' dir='ltr'>ua,</span> <span class='ocrx_word' id='word_1_39' title='bbox 1349 487 1430 528; x_wconf 83' lang='lat' dir='ltr'>qua</span> <span class='ocrx_word' id='word_1_40' title='bbox 1450 478 1572 528; x_wconf 66' lang='lat' dir='ltr'>‘prae-</span> 
     </span>
     <span class='ocr_line' id='line_1_7' title="bbox 118 489 1571 584; baseline 0.002 -17"><span class='ocrx_word' id='word_1_41' title='bbox 118 534 186 568; x_wconf 83' lang='lat' dir='ltr'>ter</span> <span class='ocrx_word' id='word_1_42' title='bbox 223 525 407 568; x_wconf 74' lang='lat' dir='ltr'>su&#39;bditos</span> <span class='ocrx_word' id='word_1_43' title='bbox 448 528 589 568; x_wconf 84' lang='lat' dir='ltr'><strong>Persas</strong></span> <span class='ocrx_word' id='word_1_44' title='bbox 639 527 705 568; x_wconf 83' lang='lat' dir='ltr'>alii</span> <span class='ocrx_word' id='word_1_45' title='bbox 757 527 1040 584; x_wconf 80' lang='lat' dir='ltr'>significentur</span> <span class='ocrx_word' id='word_1_46' title='bbox 1085 489 1348 583; x_wconf 49' lang='lat' dir='ltr'>Theopffiobo</span> <span class='ocrx_word' id='word_1_47' title='bbox 1403 527 1571 570; x_wconf 76' lang='lat' dir='ltr'><strong>addicti.</strong></span> 
     </span>
     <span class='ocr_line' id='line_1_8' title="bbox 118 579 1571 636; baseline 0.001 -14"><span class='ocrx_word' id='word_1_48' title='bbox 118 583 294 623; x_wconf 78' lang='lat' dir='ltr'>Amastri</span> <span class='ocrx_word' id='word_1_49' title='bbox 336 582 559 623; x_wconf 80' lang='lat' dir='ltr'><strong>consedisse</strong></span> <span class='ocrx_word' id='word_1_50' title='bbox 598 579 703 634; x_wconf 80' lang='grc' dir='ltr'><em>μετὰ</em></span> <span class='ocrx_word' id='word_1_51' title='bbox 733 584 856 624; x_wconf 78' lang='grc' dir='ltr'>τινῶν</span> <span class='ocrx_word' id='word_1_52' title='bbox 886 583 1085 636; x_wconf 76' lang='grc' dir='ltr'>ἐκκρίτων</span> <span class='ocrx_word' id='word_1_53' title='bbox 1121 583 1289 636; x_wconf 67' lang='grc' dir='ltr'><em>ἀνδρῶν</em></span> <span class='ocrx_word' id='word_1_54' title='bbox 1318 583 1445 625; x_wconf 81' lang='lat' dir='ltr'>habet</span> <span class='ocrx_word' id='word_1_55' title='bbox 1473 600 1571 624; x_wconf 80' lang='lat' dir='ltr'>ano-</span> 
     </span>
     <span class='ocr_line' id='line_1_9' title="bbox 120 639 1573 704; baseline 0.001 -25"><span class='ocrx_word' id='word_1_56' title='bbox 120 653 278 704; x_wconf 66' lang='lat' dir='ltr'>nymus,</span> <span class='ocrx_word' id='word_1_57' title='bbox 317 652 409 679; x_wconf 90' lang='lat' dir='ltr'>cum</span> <span class='ocrx_word' id='word_1_58' title='bbox 452 639 688 693; x_wconf 79' lang='lat' dir='ltr'>Theophilo</span> <span class='ocrx_word' id='word_1_59' title='bbox 728 645 936 693; x_wconf 84' lang='lat' dir='ltr'>suspectus</span> <span class='ocrx_word' id='word_1_60' title='bbox 981 640 1032 680; x_wconf 73' lang='lat' dir='ltr'>al)</span> <span class='ocrx_word' id='word_1_61' title='bbox 1061 655 1110 680; x_wconf 88' lang='lat' dir='ltr'>eo</span> <span class='ocrx_word' id='word_1_62' title='bbox 1143 640 1350 687; x_wconf 79' lang='lat' dir='ltr'>discessit3</span> <span class='ocrx_word' id='word_1_63' title='bbox 1397 641 1466 694; x_wconf 85' lang='lat' dir='ltr'>qui</span> <span class='ocrx_word' id='word_1_64' title='bbox 1498 641 1573 694; x_wconf 88' lang='lat' dir='ltr'>ipsi</span> 
     </span>
     <span class='ocr_line' id='line_1_10' title="bbox 120 694 1573 749; baseline 0.001 -15"><span class='ocrx_word' id='word_1_65' title='bbox 120 694 354 744; x_wconf 73' lang='lat' dir='ltr'>videantur,</span> <span class='ocrx_word' id='word_1_66' title='bbox 384 701 462 748; x_wconf 84' lang='lat' dir='ltr'>per</span> <span class='ocrx_word' id='word_1_67' title='bbox 491 710 594 749; x_wconf 91' lang='lat' dir='ltr'>quos</span> <span class='ocrx_word' id='word_1_68' title='bbox 624 709 767 735; x_wconf 89' lang='lat' dir='ltr'>rerum</span> <span class='ocrx_word' id='word_1_69' title='bbox 794 709 1003 736; x_wconf 84' lang='lat' dir='ltr'>summane</span> <span class='ocrx_word' id='word_1_70' title='bbox 1031 696 1071 736; x_wconf 88' lang='lat' dir='ltr'>in</span> <span class='ocrx_word' id='word_1_71' title='bbox 1104 694 1414 749; x_wconf 80' lang='lat' dir='ltr'>Theophobnm</span> <span class='ocrx_word' id='word_1_72' title='bbox 1443 702 1573 736; x_wconf 85' lang='lat' dir='ltr'>trans-</span> 
     </span>
     <span class='ocr_line' id='line_1_11' title="bbox 118 750 1365 805; baseline 0 -15"><span class='ocrx_word' id='word_1_73' title='bbox 118 751 282 790; x_wconf 75' lang='lat' dir='ltr'><strong>feratur</strong></span> <span class='ocrx_word' id='word_1_74' title='bbox 309 751 427 790; x_wconf 82' lang='lat' dir='ltr'>timct</span> <span class='ocrx_word' id='word_1_75' title='bbox 454 750 724 805; x_wconf 81' lang='lat' dir='ltr'>Theophilus.</span> <span class='ocrx_word' id='word_1_76' title='bbox 1358 767 1365 770; x_wconf 84' lang='grc'><strong>-</strong></span> 
     </span>
    </p>
   </div>
   <div class='ocr_carea' id='block_1_3' title="bbox 114 812 1575 1655">
    <p class='ocr_par' dir='ltr' id='par_1_5' title="bbox 116 812 1575 1202">
     <span class='ocr_line' id='line_1_12' title="bbox 230 812 1575 871; baseline 0.001 -15"><span class='ocrx_word' id='word_1_77' title='bbox 230 815 284 856; x_wconf 86' lang='grc'>39</span> <span class='ocrx_word' id='word_1_78' title='bbox 311 816 364 871; x_wconf 79' lang='grc' dir='ltr'>τῇ</span> <span class='ocrx_word' id='word_1_79' title='bbox 385 816 431 856; x_wconf 81' lang='grc' dir='ltr'>δὲ</span> <span class='ocrx_word' id='word_1_80' title='bbox 453 812 489 855; x_wconf 84' lang='grc' dir='ltr'>α’</span> <span class='ocrx_word' id='word_1_81' title='bbox 508 816 704 871; x_wconf 78' lang='grc' dir='ltr'><strong><em>κυριακῇ]</em></strong></span> <span class='ocrx_word' id='word_1_82' title='bbox 731 816 893 858; x_wconf 76' lang='lat' dir='ltr'>videtur</span> <span class='ocrx_word' id='word_1_83' title='bbox 912 818 980 858; x_wconf 86' lang='lat' dir='ltr'>hic</span> <span class='ocrx_word' id='word_1_84' title='bbox 997 818 1144 869; x_wconf 78' lang='lat' dir='ltr'>hiatus,</span> <span class='ocrx_word' id='word_1_85' title='bbox 1175 822 1222 856; x_wconf 88' lang='lat' dir='ltr'>ut</span> <span class='ocrx_word' id='word_1_86' title='bbox 1237 817 1407 870; x_wconf 76' lang='lat' dir='ltr'>incipiat</span> <span class='ocrx_word' id='word_1_87' title='bbox 1426 825 1575 858; x_wconf 79' lang='lat' dir='ltr'>auctor</span> 
     </span>
     <span class='ocr_line' id='line_1_13' title="bbox 123 871 1574 930; baseline 0.001 -19"><span class='ocrx_word' id='word_1_88' title='bbox 123 872 281 912; x_wconf 79' lang='lat' dir='ltr'>referre</span> <span class='ocrx_word' id='word_1_89' title='bbox 310 871 523 911; x_wconf 86' lang='lat' dir='ltr'>historiam</span> <span class='ocrx_word' id='word_1_90' title='bbox 553 872 823 913; x_wconf 85' lang='lat' dir='ltr'>restitutionis</span> <span class='ocrx_word' id='word_1_91' title='bbox 854 875 1075 930; x_wconf 79' lang='lat' dir='ltr'>imaginum</span> <span class='ocrx_word' id='word_1_92' title='bbox 1104 872 1240 926; x_wconf 80' lang='lat' dir='ltr'>prima</span> <span class='ocrx_word' id='word_1_93' title='bbox 1270 872 1337 912; x_wconf 84' lang='lat' dir='ltr'>illa</span> <span class='ocrx_word' id='word_1_94' title='bbox 1370 873 1574 913; x_wconf 86' lang='lat' dir='ltr'>dominica</span> 
     </span>
     <span class='ocr_line' id='line_1_14' title="bbox 122 927 1570 994; baseline 0.001 -28"><span class='ocrx_word' id='word_1_95' title='bbox 122 927 468 982; x_wconf 77' lang='lat' dir='ltr'>quadragesimae,</span> <span class='ocrx_word' id='word_1_96' title='bbox 505 942 626 981; x_wconf 83' lang='lat' dir='ltr'>quam</span> <span class='ocrx_word' id='word_1_97' title='bbox 663 929 799 968; x_wconf 82' lang='lat' dir='ltr'>multis</span> <span class='ocrx_word' id='word_1_98' title='bbox 844 931 1114 969; x_wconf 79' lang='lat' dir='ltr'>continuator</span> <span class='ocrx_word' id='word_1_99' title='bbox 1141 929 1239 969; x_wconf 86' lang='lat' dir='ltr'>Vat.</span> <span class='ocrx_word' id='word_1_100' title='bbox 1272 930 1570 994; x_wconf 72' lang='lat' dir='ltr'>prosequitur3</span> 
     </span>
     <span class='ocr_line' id='line_1_15' title="bbox 120 980 1572 1038; baseline 0.001 -16"><span class='ocrx_word' id='word_1_101' title='bbox 120 983 193 1022; x_wconf 85' lang='lat' dir='ltr'>nisi</span> <span class='ocrx_word' id='word_1_102' title='bbox 222 983 471 1036; x_wconf 86' lang='lat' dir='ltr'>compendio</span> <span class='ocrx_word' id='word_1_103' title='bbox 517 982 574 1022; x_wconf 87' lang='lat' dir='ltr'>sic</span> <span class='ocrx_word' id='word_1_104' title='bbox 610 985 693 1023; x_wconf 86' lang='lat' dir='ltr'>Leo</span> <span class='ocrx_word' id='word_1_105' title='bbox 731 984 905 1038; x_wconf 83' lang='lat' dir='ltr'>scripsit.</span> <span class='ocrx_word' id='word_1_106' title='bbox 972 980 1048 1036; x_wconf 78' lang='grc' dir='ltr'>τῆν</span> <span class='ocrx_word' id='word_1_107' title='bbox 1075 983 1296 1037; x_wconf 78' lang='grc' dir='ltr'><strong><em>ἐκκλησίαν</em></strong></span> <span class='ocrx_word' id='word_1_108' title='bbox 1335 983 1572 1035; x_wconf 61' lang='lat' dir='ltr'>alym-evasae</span> 
     </span>
     <span class='ocr_line' id='line_1_16' title="bbox 118 1034 1570 1093; baseline 0.001 -16"><span class='ocrx_word' id='word_1_109' title='bbox 118 1037 165 1091; x_wconf 83' lang='grc' dir='ltr'>τῇ</span> <span class='ocrx_word' id='word_1_110' title='bbox 194 1034 231 1077; x_wconf 81' lang='grc' dir='ltr'>α’</span> <span class='ocrx_word' id='word_1_111' title='bbox 261 1039 439 1092; x_wconf 78' lang='grc' dir='ltr'><strong><em>κυριακῇ</em></strong></span> <span class='ocrx_word' id='word_1_112' title='bbox 465 1037 547 1078; x_wconf 75' lang='grc' dir='ltr'>τῶν</span> <span class='ocrx_word' id='word_1_113' title='bbox 574 1035 704 1089; x_wconf 56' lang='lat' dir='ltr'>‹tydeus›</span> <span class='ocrx_word' id='word_1_114' title='bbox 733 1040 932 1092; x_wconf 78' lang='grc' dir='ltr'><em>νηστειῶν</em></span> <span class='ocrx_word' id='word_1_115' title='bbox 961 1039 1155 1078; x_wconf 76' lang='lat' dir='ltr'>ccclesiae</span> <span class='ocrx_word' id='word_1_116' title='bbox 1176 1051 1325 1092; x_wconf 86' lang='lat' dir='ltr'>pacem</span> <span class='ocrx_word' id='word_1_117' title='bbox 1351 1040 1570 1093; x_wconf 75' lang='lat' dir='ltr'>composuit</span> 
     </span>
     <span class='ocr_line' id='line_1_17' title="bbox 116 1093 1570 1160; baseline -0.001 -28"><span class='ocrx_word' id='word_1_118' title='bbox 116 1093 326 1134; x_wconf 75' lang='lat' dir='ltr'>dominica</span> <span class='ocrx_word' id='word_1_119' title='bbox 348 1095 490 1147; x_wconf 77' lang='lat' dir='ltr'>pn&#39;ma</span> <span class='ocrx_word' id='word_1_120' title='bbox 527 1093 892 1160; x_wconf 72' lang='lat' dir='ltr'>quadragesimae.</span> <span class='ocrx_word' id='word_1_121' title='bbox 951 1101 1040 1133; x_wconf 88' lang='lat' dir='ltr'>tum</span> <span class='ocrx_word' id='word_1_122' title='bbox 1067 1100 1264 1148; x_wconf 80' lang='lat' dir='ltr'>sequatur</span> <span class='ocrx_word' id='word_1_123' title='bbox 1292 1093 1342 1133; x_wconf 85' lang='lat' dir='ltr'>de</span> <span class='ocrx_word' id='word_1_124' title='bbox 1371 1093 1570 1134; x_wconf 88' lang='lat' dir='ltr'>Theocti..</span> 
     </span>
     <span class='ocr_line' id='line_1_18' title="bbox 116 1143 1128 1202; baseline -0.001 -13"><span class='ocrx_word' id='word_1_125' title='bbox 116 1148 167 1189; x_wconf 80' lang='lat' dir='ltr'>sti</span> <span class='ocrx_word' id='word_1_126' title='bbox 199 1146 487 1202; x_wconf 80' lang='lat' dir='ltr'>expeditione:</span> <span class='ocrx_word' id='word_1_127' title='bbox 517 1148 756 1189; x_wconf 71' lang='grc' dir='ltr'><strong><em>απέστειλεν</em></strong></span> <span class='ocrx_word' id='word_1_128' title='bbox 785 1148 831 1188; x_wconf 75' lang='grc' dir='ltr'>δὲ</span> <span class='ocrx_word' id='word_1_129' title='bbox 863 1143 1128 1189; x_wconf 78' lang='grc' dir='ltr'><strong><em>Θεόκτιστον.</em></strong></span> 
     </span>
    </p>

    <p class='ocr_par' dir='ltr' id='par_1_6' title="bbox 114 1210 1572 1655">
     <span class='ocr_line' id='line_1_19' title="bbox 229 1210 1570 1269; baseline 0.002 -17"><span class='ocrx_word' id='word_1_130' title='bbox 229 1213 284 1254; x_wconf 85' lang='lat'>40</span> <span class='ocrx_word' id='word_1_131' title='bbox 339 1213 412 1253; x_wconf 66' lang='grc' dir='ltr'>κατ’</span> <span class='ocrx_word' id='word_1_132' title='bbox 446 1210 521 1265; x_wconf 74' lang='grc' dir='ltr'>τήν</span> <span class='ocrx_word' id='word_1_133' title='bbox 551 1211 727 1268; x_wconf 79' lang='grc' dir='ltr'><strong><em>φυγάδα</em></strong></span> <span class='ocrx_word' id='word_1_134' title='bbox 765 1215 818 1254; x_wconf 86' lang='lat' dir='ltr'>sit</span> <span class='ocrx_word' id='word_1_135' title='bbox 844 1214 917 1253; x_wconf 85' lang='grc' dir='ltr'>καί</span> <span class='ocrx_word' id='word_1_136' title='bbox 943 1211 1019 1267; x_wconf 70' lang='grc' dir='ltr'>τήν</span> <span class='ocrx_word' id='word_1_137' title='bbox 1056 1210 1197 1268; x_wconf 71' lang='grc' dir='ltr'><em>φυγήν</em></span> <span class='ocrx_word' id='word_1_138' title='bbox 1226 1213 1272 1255; x_wconf 84' lang='grc' dir='ltr'>δὲ</span> <span class='ocrx_word' id='word_1_139' title='bbox 1304 1220 1465 1267; x_wconf 82' lang='grc' dir='ltr'><strong>προεχ.]</strong></span> <span class='ocrx_word' id='word_1_140' title='bbox 1489 1218 1570 1269; x_wconf 73' lang='lat' dir='ltr'>fic-</span> 
     </span>
     <span class='ocr_line' id='line_1_20' title="bbox 114 1269 1570 1326; baseline -0.001 -17"><span class='ocrx_word' id='word_1_141' title='bbox 114 1283 290 1326; x_wconf 80' lang='lat' dir='ltr'>gamque</span> <span class='ocrx_word' id='word_1_142' title='bbox 316 1269 547 1324; x_wconf 71' lang='lat' dir='ltr'>expedivit‚&#39;</span> <span class='ocrx_word' id='word_1_143' title='bbox 571 1269 742 1308; x_wconf 67' lang='lat' dir='ltr'>audiens</span> <span class='ocrx_word' id='word_1_144' title='bbox 762 1270 990 1323; x_wconf 80' lang='lat' dir='ltr'>Augustam</span> <span class='ocrx_word' id='word_1_145' title='bbox 1006 1271 1132 1310; x_wconf 83' lang='lat' dir='ltr'>alium</span> <span class='ocrx_word' id='word_1_146' title='bbox 1162 1270 1452 1326; x_wconf 77' lang='lat' dir='ltr'>imperatorem</span> <span class='ocrx_word' id='word_1_147' title='bbox 1479 1285 1570 1310; x_wconf 85' lang='lat' dir='ltr'>cre-</span> 
     </span>
     <span class='ocr_line' id='line_1_21' title="bbox 114 1325 1570 1381; baseline 0.001 -16"><span class='ocrx_word' id='word_1_148' title='bbox 114 1339 228 1365; x_wconf 80' lang='lat' dir='ltr'><strong>asse.-</strong></span> <span class='ocrx_word' id='word_1_149' title='bbox 261 1325 327 1364; x_wconf 84' lang='lat' dir='ltr'>eui</span> <span class='ocrx_word' id='word_1_150' title='bbox 356 1325 465 1364; x_wconf 80' lang='lat' dir='ltr'>forte</span> <span class='ocrx_word' id='word_1_151' title='bbox 494 1325 719 1377; x_wconf 83' lang='lat' dir='ltr'>nupsisset,</span> <span class='ocrx_word' id='word_1_152' title='bbox 751 1326 810 1365; x_wconf 89' lang='lat' dir='ltr'>uti</span> <span class='ocrx_word' id='word_1_153' title='bbox 841 1325 881 1364; x_wconf 91' lang='lat' dir='ltr'>in</span> <span class='ocrx_word' id='word_1_154' title='bbox 912 1325 1194 1379; x_wconf 86' lang='lat' dir='ltr'>superioribus</span> <span class='ocrx_word' id='word_1_155' title='bbox 1234 1332 1273 1364; x_wconf 85' lang='lat' dir='ltr'>et</span> <span class='ocrx_word' id='word_1_156' title='bbox 1304 1326 1570 1381; x_wconf 81' lang='lat' dir='ltr'>sequentihus</span> 
     </span>
     <span class='ocr_line' id='line_1_22' title="bbox 117 1380 1571 1434; baseline -0.002 -14"><span class='ocrx_word' id='word_1_157' title='bbox 117 1395 201 1421; x_wconf 87' lang='lat' dir='ltr'>non</span> <span class='ocrx_word' id='word_1_158' title='bbox 231 1380 379 1420; x_wconf 86' lang='lat' dir='ltr'><strong>desunt</strong></span> <span class='ocrx_word' id='word_1_159' title='bbox 410 1394 515 1434; x_wconf 84' lang='lat' dir='ltr'>quae</span> <span class='ocrx_word' id='word_1_160' title='bbox 550 1380 608 1419; x_wconf 87' lang='lat' dir='ltr'>sic</span> <span class='ocrx_word' id='word_1_161' title='bbox 639 1381 850 1434; x_wconf 81' lang='lat' dir='ltr'>assumptis</span> <span class='ocrx_word' id='word_1_162' title='bbox 892 1381 932 1419; x_wconf 90' lang='lat' dir='ltr'>in</span> <span class='ocrx_word' id='word_1_163' title='bbox 963 1381 1134 1420; x_wconf 85' lang='lat' dir='ltr'>maritos</span> <span class='ocrx_word' id='word_1_164' title='bbox 1165 1380 1329 1434; x_wconf 88' lang='lat' dir='ltr'>imperii</span> <span class='ocrx_word' id='word_1_165' title='bbox 1360 1383 1465 1422; x_wconf 74' lang='lat' dir='ltr'>faces</span> <span class='ocrx_word' id='word_1_166' title='bbox 1497 1381 1571 1420; x_wconf 85' lang='lat' dir='ltr'>de-</span> 
     </span>
     <span class='ocr_line' id='line_1_23' title="bbox 118 1435 1572 1491; baseline 0.001 -15"><span class='ocrx_word' id='word_1_167' title='bbox 118 1435 272 1484; x_wconf 82' lang='lat' dir='ltr'>tulere;</span> <span class='ocrx_word' id='word_1_168' title='bbox 313 1435 439 1490; x_wconf 85' lang='lat' dir='ltr'>idque</span> <span class='ocrx_word' id='word_1_169' title='bbox 466 1435 708 1475; x_wconf 87' lang='lat' dir='ltr'>Theoctisto</span> <span class='ocrx_word' id='word_1_170' title='bbox 756 1436 1020 1476; x_wconf 81' lang='lat' dir='ltr'>formidabile</span> <span class='ocrx_word' id='word_1_171' title='bbox 1039 1466 1052 1487; x_wconf 87' lang='lat'>,</span> <span class='ocrx_word' id='word_1_172' title='bbox 1085 1436 1156 1491; x_wconf 89' lang='lat' dir='ltr'>qui</span> <span class='ocrx_word' id='word_1_173' title='bbox 1187 1438 1364 1490; x_wconf 79' lang='lat' dir='ltr'>puerulo</span> <span class='ocrx_word' id='word_1_174' title='bbox 1393 1437 1572 1491; x_wconf 84' lang='lat' dir='ltr'>impera-</span> 
     </span>
     <span class='ocr_line' id='line_1_24' title="bbox 116 1492 1570 1546; baseline 0 -15"><span class='ocrx_word' id='word_1_175' title='bbox 116 1497 227 1539; x_wconf 85' lang='lat' dir='ltr'>tore,</span> <span class='ocrx_word' id='word_1_176' title='bbox 261 1506 309 1531; x_wconf 80' lang='lat' dir='ltr'>ac</span> <span class='ocrx_word' id='word_1_177' title='bbox 338 1497 471 1531; x_wconf 83' lang='lat' dir='ltr'>matre</span> <span class='ocrx_word' id='word_1_178' title='bbox 498 1494 688 1546; x_wconf 84' lang='lat' dir='ltr'>Augusta,</span> <span class='ocrx_word' id='word_1_179' title='bbox 718 1506 872 1531; x_wconf 82' lang='lat' dir='ltr'>summa</span> <span class='ocrx_word' id='word_1_180' title='bbox 904 1492 944 1531; x_wconf 87' lang='lat' dir='ltr'>in</span> <span class='ocrx_word' id='word_1_181' title='bbox 977 1493 1069 1531; x_wconf 82' lang='lat' dir='ltr'>aula</span> <span class='ocrx_word' id='word_1_182' title='bbox 1100 1492 1349 1533; x_wconf 80' lang='lat' dir='ltr'>auctoritate</span> <span class='ocrx_word' id='word_1_183' title='bbox 1378 1493 1570 1546; x_wconf 85' lang='lat' dir='ltr'>polleret.</span> 
     </span>
     <span class='ocr_line' id='line_1_25' title="bbox 118 1546 1570 1602; baseline 0 -15"><span class='ocrx_word' id='word_1_184' title='bbox 118 1546 220 1587; x_wconf 86' lang='lat' dir='ltr'>nihil</span> <span class='ocrx_word' id='word_1_185' title='bbox 249 1561 349 1601; x_wconf 85' lang='lat' dir='ltr'>ergo</span> <span class='ocrx_word' id='word_1_186' title='bbox 394 1560 554 1588; x_wconf 87' lang='lat' dir='ltr'>necesse</span> <span class='ocrx_word' id='word_1_187' title='bbox 595 1553 742 1587; x_wconf 79' lang='lat' dir='ltr'>contra</span> <span class='ocrx_word' id='word_1_188' title='bbox 770 1553 902 1587; x_wconf 77' lang='lat' dir='ltr'>textus</span> <span class='ocrx_word' id='word_1_189' title='bbox 937 1547 1059 1587; x_wconf 80' lang='lat' dir='ltr'>fidem</span> <span class='ocrx_word' id='word_1_190' title='bbox 1097 1547 1304 1600; x_wconf 81' lang='lat' dir='ltr'><strong>reddere,</strong></span> <span class='ocrx_word' id='word_1_191' title='bbox 1349 1550 1570 1602; x_wconf 80' lang='lat' dir='ltr'>Augustam</span> 
     </span>
     <span class='ocr_line' id='line_1_26' title="bbox 115 1603 405 1655; baseline 0 -13"><span class='ocrx_word' id='word_1_192' title='bbox 115 1603 214 1644; x_wconf 80' lang='lat' dir='ltr'>urbe</span> <span class='ocrx_word' id='word_1_193' title='bbox 226 1603 405 1655; x_wconf 78' lang='lat' dir='ltr'>fugisse.</span> 
     </span>
    </p>
   </div>
   <div class='ocr_carea' id='block_1_4' title="bbox 113 1663 1569 2001">
    <p class='ocr_par' dir='ltr' id='par_1_7' title="bbox 113 1663 1569 2001">
     <span class='ocr_line' id='line_1_27' title="bbox 226 1663 1569 1724; baseline 0.001 -16"><span class='ocrx_word' id='word_1_194' title='bbox 226 1668 279 1709; x_wconf 79' lang='lat'>41</span> <span class='ocrx_word' id='word_1_195' title='bbox 336 1665 407 1708; x_wconf 72' lang='grc' dir='ltr'>τὸν</span> <span class='ocrx_word' id='word_1_196' title='bbox 438 1665 566 1709; x_wconf 71' lang='grc' dir='ltr'><em>αὐτὸν</em></span> <span class='ocrx_word' id='word_1_197' title='bbox 592 1663 736 1720; x_wconf 77' lang='grc' dir='ltr'><strong><em>πάλιν]</em></strong></span> <span class='ocrx_word' id='word_1_198' title='bbox 768 1668 866 1709; x_wconf 81' lang='lat' dir='ltr'>nihil</span> <span class='ocrx_word' id='word_1_199' title='bbox 886 1669 954 1709; x_wconf 84' lang='lat' dir='ltr'>hic</span> <span class='ocrx_word' id='word_1_200' title='bbox 975 1670 1172 1721; x_wconf 85' lang='lat' dir='ltr'>hiulcum,</span> <span class='ocrx_word' id='word_1_201' title='bbox 1200 1670 1272 1710; x_wconf 86' lang='lat' dir='ltr'>sed</span> <span class='ocrx_word' id='word_1_202' title='bbox 1302 1675 1398 1724; x_wconf 86' lang='lat' dir='ltr'>post</span> <span class='ocrx_word' id='word_1_203' title='bbox 1424 1684 1569 1710; x_wconf 90' lang='lat' dir='ltr'>vocem</span> 
     </span>
     <span class='ocr_line' id='line_1_28' title="bbox 115 1724 1568 1779; baseline 0.001 -16"><span class='ocrx_word' id='word_1_204' title='bbox 115 1724 289 1778; x_wconf 75' lang='grc' dir='ltr'><strong><em>φανείς,</em></strong></span> <span class='ocrx_word' id='word_1_205' title='bbox 331 1731 376 1764; x_wconf 85' lang='lat' dir='ltr'>ut</span> <span class='ocrx_word' id='word_1_206' title='bbox 404 1725 535 1765; x_wconf 80' lang='lat' dir='ltr'>fuerit.</span> <span class='ocrx_word' id='word_1_207' title='bbox 569 1724 775 1778; x_wconf 85' lang='lat' dir='ltr'>descripta</span> <span class='ocrx_word' id='word_1_208' title='bbox 805 1725 890 1765; x_wconf 88' lang='lat' dir='ltr'>eius</span> <span class='ocrx_word' id='word_1_209' title='bbox 919 1726 958 1765; x_wconf 89' lang='lat' dir='ltr'>in</span> <span class='ocrx_word' id='word_1_210' title='bbox 1007 1727 1152 1766; x_wconf 88' lang='lat' dir='ltr'>urbem</span> <span class='ocrx_word' id='word_1_211' title='bbox 1179 1727 1379 1779; x_wconf 81' lang='lat' dir='ltr'>receptio,</span> <span class='ocrx_word' id='word_1_212' title='bbox 1407 1725 1568 1765; x_wconf 84' lang='lat' dir='ltr'>tametsi</span> 
     </span>
     <span class='ocr_line' id='line_1_29' title="bbox 118 1779 1568 1834; baseline 0 -14"><span class='ocrx_word' id='word_1_213' title='bbox 118 1794 207 1820; x_wconf 83' lang='lat' dir='ltr'>rem</span> <span class='ocrx_word' id='word_1_214' title='bbox 235 1779 295 1819; x_wconf 87' lang='lat' dir='ltr'>sic</span> <span class='ocrx_word' id='word_1_215' title='bbox 325 1781 430 1821; x_wconf 79' lang='lat' dir='ltr'>male</span> <span class='ocrx_word' id='word_1_216' title='bbox 466 1780 508 1819; x_wconf 88' lang='lat' dir='ltr'>in</span> <span class='ocrx_word' id='word_1_217' title='bbox 543 1781 665 1820; x_wconf 83' lang='lat' dir='ltr'>Creta</span> <span class='ocrx_word' id='word_1_218' title='bbox 708 1787 911 1833; x_wconf 78' lang='lat' dir='ltr'>gesserat3</span> <span class='ocrx_word' id='word_1_219' title='bbox 951 1787 1232 1834; x_wconf 83' lang='lat' dir='ltr'>sequaturque</span> <span class='ocrx_word' id='word_1_220' title='bbox 1280 1782 1458 1820; x_wconf 81' lang='lat' dir='ltr'>iniuncta</span> <span class='ocrx_word' id='word_1_221' title='bbox 1492 1781 1568 1820; x_wconf 83' lang='lat' dir='ltr'>alia</span> 
     </span>
     <span class='ocr_line' id='line_1_30' title="bbox 115 1835 1569 1890; baseline 0.001 -16"><span class='ocrx_word' id='word_1_222' title='bbox 115 1835 322 1888; x_wconf 84' lang='lat' dir='ltr'>expeditio</span> <span class='ocrx_word' id='word_1_223' title='bbox 341 1864 353 1884; x_wconf 89' lang='lat'><strong>‚</strong></span> <span class='ocrx_word' id='word_1_224' title='bbox 383 1835 423 1875; x_wconf 93' lang='lat' dir='ltr'>in</span> <span class='ocrx_word' id='word_1_225' title='bbox 453 1850 536 1890; x_wconf 83' lang='lat' dir='ltr'>qua</span> <span class='ocrx_word' id='word_1_226' title='bbox 568 1835 668 1875; x_wconf 88' lang='lat' dir='ltr'>nihil</span> <span class='ocrx_word' id='word_1_227' title='bbox 697 1836 852 1876; x_wconf 88' lang='lat' dir='ltr'>felicius</span> <span class='ocrx_word' id='word_1_228' title='bbox 892 1836 1053 1875; x_wconf 83' lang='lat' dir='ltr'><strong>cessisse</strong></span> <span class='ocrx_word' id='word_1_229' title='bbox 1080 1836 1321 1876; x_wconf 83' lang='lat' dir='ltr'>Theoctisto</span> <span class='ocrx_word' id='word_1_230' title='bbox 1352 1837 1437 1890; x_wconf 83' lang='lat' dir='ltr'>ipsa</span> <span class='ocrx_word' id='word_1_231' title='bbox 1466 1835 1569 1876; x_wconf 85' lang='lat' dir='ltr'>haec</span> 
     </span>
     <span class='ocr_line' id='line_1_31' title="bbox 113 1891 1567 1945; baseline -0.001 -14"><span class='ocrx_word' id='word_1_232' title='bbox 113 1891 262 1933; x_wconf 87' lang='lat' dir='ltr'>Leonis</span> <span class='ocrx_word' id='word_1_233' title='bbox 292 1891 435 1931; x_wconf 76' lang='lat' dir='ltr'>mutila</span> <span class='ocrx_word' id='word_1_234' title='bbox 465 1891 661 1940; x_wconf 83' lang='lat' dir='ltr'>indicant,</span> <span class='ocrx_word' id='word_1_235' title='bbox 693 1892 747 1930; x_wconf 91' lang='lat' dir='ltr'>ob</span> <span class='ocrx_word' id='word_1_236' title='bbox 771 1891 875 1930; x_wconf 86' lang='lat' dir='ltr'>illins</span> <span class='ocrx_word' id='word_1_237' title='bbox 903 1892 1163 1932; x_wconf 85' lang='lat' dir='ltr'>severitatem</span> <span class='ocrx_word' id='word_1_238' title='bbox 1193 1891 1375 1945; x_wconf 87' lang='lat' dir='ltr'>odioque</span> <span class='ocrx_word' id='word_1_239' title='bbox 1404 1892 1447 1931; x_wconf 92' lang='lat' dir='ltr'>in</span> <span class='ocrx_word' id='word_1_240' title='bbox 1475 1907 1567 1933; x_wconf 88' lang='lat' dir='ltr'>eum</span> 
     </span>
     <span class='ocr_line' id='line_1_32' title="bbox 121 1945 1306 2001; baseline 0 -15"><span class='ocrx_word' id='word_1_241' title='bbox 121 1945 364 2000; x_wconf 81' lang='lat' dir='ltr'>quibusdam</span> <span class='ocrx_word' id='word_1_242' title='bbox 396 1947 638 2001; x_wconf 87' lang='lat' dir='ltr'>proceribus</span> <span class='ocrx_word' id='word_1_243' title='bbox 668 1947 720 1986; x_wconf 77' lang='lat' dir='ltr'>ad</span> <span class='ocrx_word' id='word_1_244' title='bbox 748 1948 972 1987; x_wconf 78' lang='lat' dir='ltr'>Saracenos</span> <span class='ocrx_word' id='word_1_245' title='bbox 1012 1945 1306 1987; x_wconf 81' lang='lat' dir='ltr'>deficientibus.</span> 
     </span>
    </p>
   </div>
   <div class='ocr_carea' id='block_1_5' title="bbox 117 2007 1567 2179">
    <p class='ocr_par' dir='ltr' id='par_1_8' title="bbox 117 2007 1567 2179">
     <span class='ocr_line' id='line_1_33' title="bbox 222 2007 1567 2069; baseline 0 -16"><span class='ocrx_word' id='word_1_246' title='bbox 222 2012 276 2053; x_wconf 72' lang='lat'>42</span> <span class='ocrx_word' id='word_1_247' title='bbox 331 2007 577 2065; x_wconf 68' lang='grc' dir='ltr'>ἀπέχθειαν]</span> <span class='ocrx_word' id='word_1_248' title='bbox 621 2028 845 2069; x_wconf 85' lang='lat' dir='ltr'>anonymus</span> <span class='ocrx_word' id='word_1_249' title='bbox 883 2014 958 2053; x_wconf 81' lang='lat' dir='ltr'>ista</span> <span class='ocrx_word' id='word_1_250' title='bbox 988 2015 1238 2068; x_wconf 85' lang='lat' dir='ltr'>suppressit,</span> <span class='ocrx_word' id='word_1_251' title='bbox 1266 2020 1314 2053; x_wconf 88' lang='lat' dir='ltr'>ut</span> <span class='ocrx_word' id='word_1_252' title='bbox 1341 2018 1381 2053; x_wconf 86' lang='lat' dir='ltr'>et</span> <span class='ocrx_word' id='word_1_253' title='bbox 1410 2013 1567 2053; x_wconf 85' lang='lat' dir='ltr'>Cedre-</span> 
     </span>
     <span class='ocr_line' id='line_1_34' title="bbox 119 2068 1567 2125; baseline 0.001 -18"><span class='ocrx_word' id='word_1_254' title='bbox 119 2083 193 2107; x_wconf 87' lang='lat' dir='ltr'>nus</span> <span class='ocrx_word' id='word_1_255' title='bbox 223 2068 302 2108; x_wconf 84' lang='lat' dir='ltr'>viri</span> <span class='ocrx_word' id='word_1_256' title='bbox 333 2069 443 2109; x_wconf 87' lang='lat' dir='ltr'>forte</span> <span class='ocrx_word' id='word_1_257' title='bbox 474 2071 717 2121; x_wconf 79' lang='lat' dir='ltr'>reverentia,</span> <span class='ocrx_word' id='word_1_258' title='bbox 748 2085 871 2125; x_wconf 91' lang='lat' dir='ltr'>quem</span> <span class='ocrx_word' id='word_1_259' title='bbox 901 2084 1007 2123; x_wconf 84' lang='lat' dir='ltr'>pene</span> <span class='ocrx_word' id='word_1_260' title='bbox 1037 2076 1253 2111; x_wconf 86' lang='lat' dir='ltr'>auctorem</span> <span class='ocrx_word' id='word_1_261' title='bbox 1283 2069 1567 2109; x_wconf 69' lang='lat' dir='ltr'>restitutorum</span> 
     </span>
     <span class='ocr_line' id='line_1_35' title="bbox 117 2124 613 2179; baseline 0.004 -16"><span class='ocrx_word' id='word_1_262' title='bbox 117 2124 341 2178; x_wconf 79' lang='lat' dir='ltr'>imaginum</span> <span class='ocrx_word' id='word_1_263' title='bbox 373 2132 613 2179; x_wconf 79' lang='lat' dir='ltr'>agnoscunt.</span> 
     </span>
    </p>
   </div>
   <div class='ocr_carea' id='block_1_6' title="bbox 114 2188 1570 2747">
    <p class='ocr_par' dir='ltr' id='par_1_9' title="bbox 114 2188 1570 2747">
     <span class='ocr_line' id='line_1_36' title="bbox 230 2188 1566 2245; baseline 0.003 -17"><span class='ocrx_word' id='word_1_264' title='bbox 230 2188 286 2229; x_wconf 81' lang='lat'>43</span> <span class='ocrx_word' id='word_1_265' title='bbox 341 2188 364 2229; x_wconf 82' lang='grc' dir='ltr'>ὅ</span> <span class='ocrx_word' id='word_1_266' title='bbox 408 2188 573 2245; x_wconf 80' lang='grc' dir='ltr'><strong><em>Κόμης]</em></strong></span> <span class='ocrx_word' id='word_1_267' title='bbox 614 2190 805 2231; x_wconf 80' lang='lat' dir='ltr'>emendat</span> <span class='ocrx_word' id='word_1_268' title='bbox 837 2191 883 2231; x_wconf 90' lang='lat' dir='ltr'>P.</span> <span class='ocrx_word' id='word_1_269' title='bbox 917 2193 1044 2242; x_wconf 84' lang='lat' dir='ltr'>Goar,</span> <span class='ocrx_word' id='word_1_270' title='bbox 1075 2206 1159 2232; x_wconf 90' lang='lat' dir='ltr'>non</span> <span class='ocrx_word' id='word_1_271' title='bbox 1205 2192 1337 2231; x_wconf 80' lang='lat' dir='ltr'>hene:</span> <span class='ocrx_word' id='word_1_272' title='bbox 1383 2191 1413 2229; x_wconf 89' lang='lat' dir='ltr'>is</span> <span class='ocrx_word' id='word_1_273' title='bbox 1456 2191 1566 2232; x_wconf 85' lang='lat' dir='ltr'>enim</span> 
     </span>
     <span class='ocr_line' id='line_1_37' title="bbox 119 2244 1568 2300; baseline 0.001 -17"><span class='ocrx_word' id='word_1_274' title='bbox 119 2244 199 2284; x_wconf 80' lang='lat' dir='ltr'>iam</span> <span class='ocrx_word' id='word_1_275' title='bbox 230 2246 394 2286; x_wconf 83' lang='lat' dir='ltr'>obierat</span> <span class='ocrx_word' id='word_1_276' title='bbox 412 2277 424 2296; x_wconf 92' lang='lat'><strong>,</strong></span> <span class='ocrx_word' id='word_1_277' title='bbox 466 2247 607 2300; x_wconf 84' lang='lat' dir='ltr'>primis</span> <span class='ocrx_word' id='word_1_278' title='bbox 636 2248 723 2287; x_wconf 87' lang='lat' dir='ltr'>fere</span> <span class='ocrx_word' id='word_1_279' title='bbox 749 2249 896 2288; x_wconf 88' lang='lat' dir='ltr'>Leonis</span> <span class='ocrx_word' id='word_1_280' title='bbox 927 2248 1097 2286; x_wconf 81' lang='lat' dir='ltr'>Armeni</span> <span class='ocrx_word' id='word_1_281' title='bbox 1130 2248 1272 2296; x_wconf 82' lang='lat' dir='ltr'>annis,</span> <span class='ocrx_word' id='word_1_282' title='bbox 1299 2261 1348 2286; x_wconf 80' lang='lat' dir='ltr'>ac</span> <span class='ocrx_word' id='word_1_283' title='bbox 1377 2246 1472 2285; x_wconf 83' lang='lat' dir='ltr'>dnm</span> <span class='ocrx_word' id='word_1_284' title='bbox 1501 2246 1568 2285; x_wconf 87' lang='lat' dir='ltr'>in-</span> 
     </span>
     <span class='ocr_line' id='line_1_38' title="bbox 114 2301 1566 2356; baseline 0.001 -16"><span class='ocrx_word' id='word_1_285' title='bbox 114 2307 279 2354; x_wconf 78' lang='lat' dir='ltr'>gentem</span> <span class='ocrx_word' id='word_1_286' title='bbox 321 2301 431 2340; x_wconf 83' lang='lat' dir='ltr'>illam</span> <span class='ocrx_word' id='word_1_287' title='bbox 459 2303 760 2356; x_wconf 84' lang='lat' dir='ltr'>expeditionem</span> <span class='ocrx_word' id='word_1_288' title='bbox 791 2303 936 2342; x_wconf 86' lang='lat' dir='ltr'>urbem</span> <span class='ocrx_word' id='word_1_289' title='bbox 968 2317 1184 2343; x_wconf 83' lang='lat' dir='ltr'>eversurus</span> <span class='ocrx_word' id='word_1_290' title='bbox 1214 2308 1350 2356; x_wconf 81' lang='lat' dir='ltr'>parat,</span> <span class='ocrx_word' id='word_1_291' title='bbox 1386 2303 1444 2341; x_wconf 88' lang='lat' dir='ltr'>uti</span> <span class='ocrx_word' id='word_1_292' title='bbox 1465 2303 1566 2356; x_wconf 80' lang='lat' dir='ltr'>Reg.</span> 
     </span>
     <span class='ocr_line' id='line_1_39' title="bbox 114 2358 1568 2413; baseline 0 -18"><span class='ocrx_word' id='word_1_293' title='bbox 114 2371 341 2411; x_wconf 81' lang='lat' dir='ltr'>anonymus</span> <span class='ocrx_word' id='word_1_294' title='bbox 371 2371 520 2410; x_wconf 82' lang='lat' dir='ltr'>supra3</span> <span class='ocrx_word' id='word_1_295' title='bbox 562 2365 735 2413; x_wconf 80' lang='lat' dir='ltr'>eratque</span> <span class='ocrx_word' id='word_1_296' title='bbox 766 2359 844 2398; x_wconf 85' lang='lat' dir='ltr'>iam</span> <span class='ocrx_word' id='word_1_297' title='bbox 875 2358 1080 2398; x_wconf 77' lang='lat' dir='ltr'>Baldimer</span> <span class='ocrx_word' id='word_1_298' title='bbox 1122 2359 1226 2398; x_wconf 89' lang='lat' dir='ltr'>illius</span> <span class='ocrx_word' id='word_1_299' title='bbox 1258 2372 1386 2411; x_wconf 87' lang='lat' dir='ltr'>nepos</span> <span class='ocrx_word' id='word_1_300' title='bbox 1415 2358 1568 2411; x_wconf 79' lang='lat' dir='ltr'>Bulga-</span> 
     </span>
     <span class='ocr_line' id='line_1_40' title="bbox 118 2413 1568 2468; baseline -0.001 -18"><span class='ocrx_word' id='word_1_301' title='bbox 118 2425 264 2451; x_wconf 88' lang='lat' dir='ltr'>rorum</span> <span class='ocrx_word' id='word_1_302' title='bbox 295 2413 500 2466; x_wconf 82' lang='lat' dir='ltr'>princeps,</span> <span class='ocrx_word' id='word_1_303' title='bbox 531 2420 578 2454; x_wconf 85' lang='lat' dir='ltr'>ut</span> <span class='ocrx_word' id='word_1_304' title='bbox 601 2416 684 2454; x_wconf 87' lang='lat' dir='ltr'>Leo</span> <span class='ocrx_word' id='word_1_305' title='bbox 715 2414 800 2468; x_wconf 89' lang='lat' dir='ltr'>ipse</span> <span class='ocrx_word' id='word_1_306' title='bbox 831 2415 912 2453; x_wconf 83' lang='lat' dir='ltr'>iam</span> <span class='ocrx_word' id='word_1_307' title='bbox 942 2413 1109 2454; x_wconf 79' lang='lat' dir='ltr'>dixerat.</span> <span class='ocrx_word' id='word_1_308' title='bbox 1140 2427 1262 2468; x_wconf 85' lang='lat' dir='ltr'>quem</span> <span class='ocrx_word' id='word_1_309' title='bbox 1287 2413 1353 2452; x_wconf 79' lang='lat' dir='ltr'>hic</span> <span class='ocrx_word' id='word_1_310' title='bbox 1385 2413 1568 2452; x_wconf 63' lang='lat' dir='ltr'>Michae-</span> 
     </span>
     <span class='ocr_line' id='line_1_41' title="bbox 117 2467 1570 2524; baseline 0.001 -18"><span class='ocrx_word' id='word_1_311' title='bbox 117 2467 195 2506; x_wconf 89' lang='lat' dir='ltr'>lem</span> <span class='ocrx_word' id='word_1_312' title='bbox 213 2468 433 2521; x_wconf 81' lang='lat' dir='ltr'>Bulgarum</span> <span class='ocrx_word' id='word_1_313' title='bbox 462 2476 597 2519; x_wconf 84' lang='lat' dir='ltr'>vocat,</span> <span class='ocrx_word' id='word_1_314' title='bbox 630 2484 725 2509; x_wconf 87' lang='lat' dir='ltr'>num</span> <span class='ocrx_word' id='word_1_315' title='bbox 748 2471 834 2524; x_wconf 86' lang='lat' dir='ltr'>ipse</span> <span class='ocrx_word' id='word_1_316' title='bbox 864 2472 915 2509; x_wconf 79' lang='lat' dir='ltr'>sit</span> <span class='ocrx_word' id='word_1_317' title='bbox 946 2484 1067 2523; x_wconf 84' lang='lat' dir='ltr'>quem</span> <span class='ocrx_word' id='word_1_318' title='bbox 1088 2470 1214 2523; x_wconf 84' lang='lat' dir='ltr'>paulo</span> <span class='ocrx_word' id='word_1_319' title='bbox 1244 2475 1340 2508; x_wconf 74' lang='lat' dir='ltr'>ante</span> <span class='ocrx_word' id='word_1_320' title='bbox 1362 2468 1570 2508; x_wconf 83' lang='lat' dir='ltr'>Baldime-</span> 
     </span>
     <span class='ocr_line' id='line_1_42' title="bbox 117 2524 1569 2579; baseline 0.001 -18"><span class='ocrx_word' id='word_1_321' title='bbox 117 2536 204 2561; x_wconf 86' lang='lat' dir='ltr'>rem</span> <span class='ocrx_word' id='word_1_322' title='bbox 222 2524 524 2576; x_wconf 77' lang='lat' dir='ltr'>appellaverat?</span> <span class='ocrx_word' id='word_1_323' title='bbox 554 2539 629 2579; x_wconf 81' lang='lat' dir='ltr'>ego</span> <span class='ocrx_word' id='word_1_324' title='bbox 657 2526 713 2565; x_wconf 88' lang='lat' dir='ltr'>sic</span> <span class='ocrx_word' id='word_1_325' title='bbox 735 2534 837 2579; x_wconf 85' lang='lat' dir='ltr'>puto</span> <span class='ocrx_word' id='word_1_326' title='bbox 870 2532 1073 2578; x_wconf 79' lang='lat' dir='ltr'>occupato</span> <span class='ocrx_word' id='word_1_327' title='bbox 1095 2540 1186 2564; x_wconf 88' lang='lat' dir='ltr'>eum</span> <span class='ocrx_word' id='word_1_328' title='bbox 1216 2538 1390 2575; x_wconf 81' lang='lat' dir='ltr'>vocasse,</span> <span class='ocrx_word' id='word_1_329' title='bbox 1422 2525 1494 2563; x_wconf 87' lang='lat' dir='ltr'>etsi</span> <span class='ocrx_word' id='word_1_330' title='bbox 1527 2529 1569 2563; x_wconf 88' lang='lat' dir='ltr'>et</span> 
     </span>
     <span class='ocr_line' id='line_1_43' title="bbox 115 2577 1567 2634; baseline 0.001 -18"><span class='ocrx_word' id='word_1_331' title='bbox 115 2577 216 2616; x_wconf 89' lang='lat' dir='ltr'>illud</span> <span class='ocrx_word' id='word_1_332' title='bbox 240 2585 382 2632; x_wconf 85' lang='lat' dir='ltr'>postea</span> <span class='ocrx_word' id='word_1_333' title='bbox 406 2595 553 2619; x_wconf 89' lang='lat' dir='ltr'>nomen</span> <span class='ocrx_word' id='word_1_334' title='bbox 579 2582 618 2619; x_wconf 91' lang='lat' dir='ltr'>in</span> <span class='ocrx_word' id='word_1_335' title='bbox 639 2582 842 2634; x_wconf 77' lang='lat' dir='ltr'>baptismo</span> <span class='ocrx_word' id='word_1_336' title='bbox 865 2582 1022 2634; x_wconf 81' lang='lat' dir='ltr'>accepit</span> <span class='ocrx_word' id='word_1_337' title='bbox 1047 2597 1067 2619; x_wconf 82' lang='lat' dir='ltr'>a</span> <span class='ocrx_word' id='word_1_338' title='bbox 1092 2579 1290 2620; x_wconf 64' lang='lat' dir='ltr'>michaele</span> <span class='ocrx_word' id='word_1_339' title='bbox 1318 2578 1567 2632; x_wconf 82' lang='lat' dir='ltr'>impositum,</span> 
     </span>
     <span class='ocr_line' id='line_1_44' title="bbox 117 2633 1564 2690; baseline 0.001 -19"><span class='ocrx_word' id='word_1_340' title='bbox 117 2633 179 2671; x_wconf 89' lang='lat' dir='ltr'>uti</span> <span class='ocrx_word' id='word_1_341' title='bbox 210 2633 387 2673; x_wconf 80' lang='lat' dir='ltr'>habetur</span> <span class='ocrx_word' id='word_1_342' title='bbox 407 2649 444 2688; x_wconf 91' lang='lat' dir='ltr'>p.</span> <span class='ocrx_word' id='word_1_343' title='bbox 463 2633 557 2676; x_wconf 76' lang='lat'><strong>462.</strong></span> <span class='ocrx_word' id='word_1_344' title='bbox 589 2651 672 2690; x_wconf 90' lang='lat' dir='ltr'>quo</span> <span class='ocrx_word' id='word_1_345' title='bbox 701 2637 823 2676; x_wconf 78' lang='lat' dir='ltr'>etiam</span> <span class='ocrx_word' id='word_1_346' title='bbox 854 2636 945 2676; x_wconf 88' lang='lat' dir='ltr'>loco</span> <span class='ocrx_word' id='word_1_347' title='bbox 974 2644 1014 2676; x_wconf 89' lang='lat' dir='ltr'>ct</span> <span class='ocrx_word' id='word_1_348' title='bbox 1041 2644 1135 2676; x_wconf 81' lang='lat' dir='ltr'>ante</span> <span class='ocrx_word' id='word_1_349' title='bbox 1158 2635 1406 2688; x_wconf 80' lang='lat' dir='ltr'>baptismum</span> <span class='ocrx_word' id='word_1_350' title='bbox 1423 2633 1564 2675; x_wconf 80' lang='lat' dir='ltr'>eadem</span> 
     </span>
     <span class='ocr_line' id='line_1_45' title="bbox 116 2689 1565 2747; baseline 0.001 -20"><span class='ocrx_word' id='word_1_351' title='bbox 116 2690 389 2743; x_wconf 80' lang='lat' dir='ltr'>occupatione</span> <span class='ocrx_word' id='word_1_352' title='bbox 419 2691 590 2730; x_wconf 73' lang='lat' dir='ltr'>Michu‘el</span> <span class='ocrx_word' id='word_1_353' title='bbox 623 2699 878 2747; x_wconf 79' lang='lat' dir='ltr'>nuncupatus</span> <span class='ocrx_word' id='word_1_354' title='bbox 910 2692 1131 2733; x_wconf 88' lang='lat' dir='ltr'>invenitur.</span> <span class='ocrx_word' id='word_1_355' title='bbox 1190 2690 1402 2730; x_wconf 81' lang='lat' dir='ltr'>Cedrenus</span> <span class='ocrx_word' id='word_1_356' title='bbox 1423 2689 1565 2730; x_wconf 86' lang='lat' dir='ltr'>Crumi</span> 
     </span>
    </p>
   </div>
  </div>
 </body>
</html>
