1838 3132
297 136 394 188 254
731 146 921 187 1³30le
961 144 1303 186 GRAMMATlci

248 273 251 277 -
301 244 467 299 νόμενος
495 249 572 287 τοῦ
589 248 662 301 ζῆν
690 242 922 299 ἀπηλλάγη.
986 246 1299 292 Κωνσταντΐνος
1327 244 1372 285 δὲ
1405 243 1428 284 ὅ
1460 249 1645 300 Τοξαριῖς
1673 249 1732 297 εἰς

302 309 628 365 Κιβυρραιιότας
646 313 984 366 σπαθοκοπηθείς
1009 312 1191 367 τελευτᾷ.
1219 309 1292 351 καί
1312 311 1534 364 Μαριανὸς
1563 311 1582 354 ὁ
1611 315 1731 355 ιίὸελ-

299 377 379 436 φὰς
407 381 481 420 τοῦ
524 379 730 431 βασιλέως
770 378 853 419 τῶν
882 379 1021 419 ποδῶν
1049 377 1302 431 συντριβείς,
1328 379 1376 417 ἑκ
1402 379 1478 418 τοῦ
1503 380 1630 420 ἵππου
1663 395 1732 421 τιε-

296 445 396 496 σών,
425 446 496 485 καί
520 445 596 484 τοῦ
622 441 746 491 ποδὸς
774 444 975 492 σαπέντος
1005 443 1180 497 σκιόληξι
1210 443 1391 499 τελευτᾷ.

396 508 444 553 ‘O
473 510 519 551 δὲ
534 509 731 562 βασιλεύς
750 507 969 564 προελθών
997 510 1041 551 ἐν
1071 509 1121 564 τῇ
1148 508 1282 566 ἡμέρᾳ
1310 512 1389 550 ταῖν
1420 511 1610 564 Χριστοῦ
1641 513 1781 565 γέν-5·

298 592 378 618 νων
410 576 454 617 ἐν
483 577 534 631 τῇ
570 575 811 630 προελεύσει
853 575 912 622 εἰς
948 574 1023 627 την
1051 574 1232 629 μεγάλην
1271 573 1490 629 ἐκκλησίαν
1518 575 1736 628 ἐβάπτισεν

298 644 510 697 Στέφανον
540 639 633 682 υἱὸν
667 642 810 683 αὐτοῦ.
883 639 1050 695 ἀγαγών
1076 641 1123 681 δὲ
1152 642 1304 689 ἵππους
1332 638 1504 690 λευκοὺς
1525 641 1632 694 μετὰ
1660 641 1736 697 ἅρ-

256 717 426 761 Βματος
468 706 663 749 ἐκάθισεν
703 704 793 759 ἅμα
837 707 887 762 τῇ
915 705 1162 763 Αὕγούστῃ,
1198 708 1271 747 καί
1306 705 1328 746 ὅ
1358 705 1630 762 πραιπόσιτος
1657 709 1737 752 σὺν

301 774 445 822 αὐτοῖς
462 771 632 827 Βαάνης
660 772 881 825 βαστάζων
910 768 959 826 ἦν
990 771 1033 813 τὸ
1063 774 1227 814 παιδίον
1257 775 1382 827 μέχρι
1412 773 1490 814 τοῦ
1519 777 1736 831 παλατιόυ,

299 842 375 882 τοῦ
402 841 606 892 βασιλέως
637 838 851 895 ῥίπτοντος
880 835 1083 880 ὑπατείαν
1099 840 1142 880 ἐν
1167 841 1217 894 τῇ
1237 836 1341 897 ὁδῷ.
1753 855 1794 891 10

403 907 579 959 Ἐγένετο
607 907 653 948 δὲ
681 904 854 958 σεισμὸς
873 908 946 947 τοῦ
971 905 1090 959 ἁγίου
1110 906 1380 949 Πολυεύκτου
1402 909 1604 963 μέγιστος,
1633 904 1741 951 ὥστε

296 970 369 1026 τὴν
395 973 468 1026 γῆν
499 974 689 1014 σείεσθαι
717 973 788 1013 ἐπὶ
814 970 1118 1025 τεσσαράκοντα
1146 971 1303 1027 ἡμέρας
1333 974 1406 1015 καί
1430 973 1737 1028 τεσσαράκοντα

298 1037 473 1085 νύκτας·
531 1036 651 1079 ἔπεσε
685 1039 730 1079 δὲ
759 1036 847 1079 τότε
876 1040 947 1079 καί
976 1035 1192 1092 ἡσφαῖρα
1227 1041 1302 1078 τοῦ
1330 1039 1463 1090 Cnidon
1494 1043 1570 1082 τοῦ
1602 1038 1739 1096 φόρου

298 1106 372 1145 καί
397 1106 470 1158 τῆς
507 1103 738 1157 ὖπεραγιάς
781 1101 978 1144 θεοτόκου
1024 1103 1068 1144 τὸ
1098 1106 1251 1159 σίγμα,
1297 1103 1402 1146 ὥστε
1443 1106 1601 1155 πάντας
1643 1104 1740 1154 τούς

299 1170 534 1223 ψάλλοντας
574 1171 704 1212 ἐκεῖσε
731 1171 991 1224 τελευτῆσαι.
1060 1171 1183 1211 Λέων
1215 1171 1259 1211 δὲ
1289 1170 1310 1211 ὅ
1344 1171 1575 1228 φιλόσοφος
1601 1171 1741 1226 τυχών
1756 1185 1798 1219 15

301 1236 432 1278 ἐκεῖσε
478 1233 614 1290 ἔλεγεν
656 1240 738 1284 τοῖς
779 1235 1012 1288 ψάλλουσιν
1049 1236 1121 1276 καί
1159 1238 1287 1278 πᾶσιν
1328 1243 1412 1286 τοῖς
1449 1233 1566 1280 οὖσιν
1609 1241 1741 1280 ἐκεῖσε

302 1299 486 1352 ἐξελθεῖν
516 1303 591 1355 τῆς
631 1303 874 1355 ἐκκλησίας·
946 1298 984 1341 οἱ
1012 1302 1058 1341 δὲ
1084 1300 1143 1354 μὴ
1174 1304 1411 1351 πεισθέντες
1438 1304 1552 1361 αὐτῷ
1580 1320 1742 1346 συνετε-

172 1385 207 1418 p,
221 1381 289 1416 471
303 1370 512 1422 λέσθησαν
538 1363 732 1415 ἅπαντες.
792 1365 917 1415 αὐτὸς
948 1367 993 1407 δὲ
1021 1365 1042 1406 ὅ
1072 1366 1304 1423 φιλόσοφος
1333 1369 1392 1416 εἰς
1417 1371 1531 1410 κίονα
1557 1369 1639 1411 ὑπὸ
1669 1387 1745 1411 συ-

247 1429 526 1486 58στημάτιον
573 1434 742 1481 σταθείς
773 1431 881 1486 μετὰ
923 1427 1086 1487 ἑτέρους
1125 1433 1201 1474 δύο
1245 1434 1448 1489 διεσώθη,
1503 1439 1576 1488 κᾳί
1614 1438 1760 1492 ἕτεροι

304 1499 420 1540 πέντε
447 1497 569 1550 μόνοι
595 1496 788 1541 ὑποκάτω
820 1500 894 1539 τοῦ
922 1495 1125 1551 ἄμβωνος.
1755 1515 1804 1549 20

417 1565 576 1613 maium,-
619 1565 666 1607 δὲ
696 1564 718 1604 ὅ
758 1565 1024 1619 πατριάρχης
1063 1562 1258 1613 ἐλθόντος
1284 1567 1361 1606 τοῦ
1389 1569 1594 1618 βασιλέως
1623 1570 1666 1609 ἐν
1697 1569 1744 1628 τῇ

304 1631 498 1686 ἐκκλησίᾳ
535 1629 608 1672 mic*
639 1633 863 1682 μέλλοντος
899 1628 1027 1671 αὕτόν
1070 1635 1290 1685 κοινωνεῖν,
1320 1634 1463 1673 τοῦτον
1492 1631 1644 1688 λῃστὴν
1676 1636 1744 1673 καὶ

308 1817 486 1852 vermibus
516 1828 676 1851 corrosus
708 1818 816 1851 vitam
848 1817 976 1850 amisit.
1033 1817 1287 1851 Constantianus
1316 1819 1472 1851 Toxaras
1497 1817 1593 1862 apud
1616 1818 1744 1863 Cibyr-

308 1865 472 1898 rhaeotas
498 1864 624 1908 gladiis
648 1865 882 1898 comminutus
909 1864 1028 1908 periit.
1062 1864 1242 1898 Marianus
1267 1865 1490 1909 imperatoris
1515 1865 1626 1898 frater
1650 1876 1743 1910 equo

312 1913 432 1958 lapsus
458 1917 494 1945 et
513 1911 621 1956 pedes
649 1913 833 1953 contritus,
861 1912 975 1944 altero
992 1910 1085 1956 pede
1114 1911 1293 1944 vermibus
1318 1917 1556 1956 putrescente,
1578 1913 1743 1948 moritur.

402 1959 510 1992 Porro
535 1959 726 2003 impe-rator
749 1958 995 1992 natalitiorum
1020 1958 1148 1991 Christi
1184 1958 1243 1991 die
1269 1959 1398 1991 celebri
1424 1969 1608 2002 processus
1632 1970 1746 2005 appa—

312 2010 389 2039 ratu
414 2005 460 2038 ad
487 2017 649 2049 magnam
674 2005 856 2038 ecclesiam
891 2006 1091 2050 profectus,
1116 2005 1334 2052 Stephanum
1362 2005 1474 2037 filium
1500 2017 1600 2038 suum
1626 2006 1746 2051 bapti-

310 2054 414 2092 zavit,
439 2057 475 2085 et
498 2053 598 2097 equis
625 2051 785 2085 candidis
822 2051 868 2085 ad
892 2063 1030 2085 currum
1057 2053 1186 2086 iunctis
1223 2063 1299 2085 cum
1325 2054 1479 2095 Augusta
1504 2052 1540 2085 in
1571 2063 1612 2085 eo
1639 2053 1744 2086 sedit.

308 2098 444 2132 Baanes
472 2104 588 2132 autem
615 2101 837 2144 praepositus
878 2111 948 2132 una
976 2111 1053 2132 cum
1086 2099 1137 2132 eis
1174 2099 1219 2132 ad
1255 2099 1423 2143 palatium
1459 2110 1571 2145 usque
1597 2111 1745 2145 puerum

308 2145 465 2191 gerebat,
491 2146 706 2192 imperatore
731 2157 794 2191 per
820 2146 914 2179 viam
942 2157 1163 2179 nummorum
1186 2157 1311 2178 munus
1338 2151 1534 2190 spargente.

401 2194 528 2236 Ingens
562 2198 680 2226 autem
705 2193 739 2225 S.
771 2193 954 2237 Polyeucti
990 2193 1081 2226 festo
1106 2198 1220 2234 terrae
1249 2198 1364 2226 motus
1392 2199 1535 2226 exortus
1563 2198 1628 2233 est,
1655 2193 1745 2227 adeo

308 2245 349 2274 ut
371 2238 499 2273 diebus
524 2238 758 2284 quadraginta
787 2245 824 2273 et
847 2241 1011 2274 noctibus
1040 2239 1189 2273 totidem
1214 2246 1307 2273 terra
1334 2245 1594 2273 concuteretur.
1646 2239 1746 2273 deci-

309 2287 365 2320 dit
388 2291 473 2320 tunc
510 2287 592 2332 equi
624 2286 669 2320 ad
694 2287 807 2320 forum
836 2287 943 2332 positi
971 2287 1118 2332 sphaera
1155 2292 1192 2320 et
1218 2286 1458 2320 sanctissimae
1483 2287 1541 2320 dei
1566 2287 1745 2331 genitricis

310 2334 439 2374 fornix,
464 2332 552 2366 adeo
582 2338 620 2365 ut
645 2334 763 2366 cuncti
788 2333 832 2366 ad
856 2333 1080 2379 psaliendum
1109 2334 1220 2366 coacti
1248 2334 1542 2378 opprimerentur.
1567 2334 1637 2367 Leo
1662 2345 1745 2367 vero

308 2380 544 2425 philosophus
573 2380 706 2413 ibidem
732 2381 822 2414 sorte
850 2387 1009 2427 repertus
1036 2381 1241 2414 cantoribus
1270 2386 1304 2413 et
1329 2381 1478 2426 reliquis
1497 2379 1562 2414 sub
1589 2392 1631 2414 eo
1650 2387 1746 2414 stan-

295 2427 405 2461 *tibus
427 2433 465 2460 ut
493 2427 638 2460 ecclesia
666 2427 891 2461 discederent
915 2427 1094 2461 monebat.
1149 2427 1202 2460 illi
1239 2439 1319 2460 vero
1345 2429 1488 2461 minime
1516 2428 1746 2473 acquiescen-

309 2480 363 2508 tes
387 2486 460 2507 uno
496 2474 598 2506 simu!
633 2475 702 2507 {ine
739 2475 933 2518 perierunt.
994 2475 1070 2520 ipse
1104 2473 1339 2519 philosophus
1371 2475 1415 2507 ad
1454 2475 1653 2508 columnam
1683 2475 1746 2507 sub

310 2521 391 2554 aliis
418 2521 600 2555 structuris
626 2526 720 2554 stans
746 2533 824 2554 cum
850 2521 988 2555 duobus
1013 2522 1091 2554 aliis
1116 2527 1274 2555 servatus
1299 2527 1363 2562 est,
1381 2532 1532 2555 necnon
1549 2521 1610 2554 alii
1637 2521 1749 2568 quin-

310 2578 382 2613 que
401 2567 467 2602 sub
486 2567 637 2601 ambone
663 2567 755 2600 forte
781 2568 955 2602 sedentes.

402 2615 566 2649 Ceterum
584 2617 828 2660 imperatorem
847 2615 891 2648 ad
904 2615 1088 2648 ecclesiam
1106 2614 1330 2648 accedentem
1346 2620 1381 2648 et
1397 2616 1464 2648 iam
1483 2615 1550 2647 iam
1574 2625 1748 2647 sacrorum

311 2661 520 2708 participem
548 2663 705 2695 futurum
732 2661 945 2707 praedonem
973 2667 1009 2695 et
1036 2661 1246 2695 homicidam
1273 2674 1462 2708 sacraeque
1490 2662 1748 2694 communionis

313 2707 497 2753 indignum
525 2709 671 2744 Photius
687 2708 885 2755 patriarcha
899 2709 1059 2743 vocabat.
1080 2709 1143 2742 ille
1163 2709 1280 2743 furore
1300 2711 1453 2755 percitus
1479 2711 1623 2742 Romam
1639 2709 1748 2750 misit,
