1838 3132
566 159 1053 204 CHRONOGRAPIHA.
1418 154 1512 199 257

77 259 318 315 Ἀγαρηνῶν
357 260 648 316 ἕκπορθεῖται,
692 257 1016 313 ἀσχολουμένων
1055 260 1102 301 δὲ
1142 260 1224 302 τῶν
1255 259 1441 312 πλοΐμων
1472 259 1518 300 ἐν

80 329 169 374 τοῖς
193 324 414 379 κτίσμασιν
445 328 516 368 καί
547 327 795 380 ἔκχοΐσμασι
827 328 901 380 τῆς
931 328 1027 375 νέας
1058 327 1274 380 ἐκκλησίας
1299 322 1534 380 παρεδόθη·

79 390 104 445 ἦ
133 390 242 445 αὕτη
285 393 535 447 Συράκουσα
575 393 672 445 πρίν
711 389 879 446 φθάσαι
914 389 981 432 τὸν
1017 391 1184 445 στόλον,
1213 393 1288 434 τοῦ
1311 392 1517 445 βασιλέως

79 456 211 499 πολλοὶ
240 459 284 499 ἐν
309 457 439 514 τούτῳ
467 457 761 512 θρηνήσαντος.

45 527 68 562 5
191 525 376 578 Νικήτας
415 526 462 565 δὲ
490 526 563 565 τοῦ
594 525 666 565 ἐπί
702 527 774 577 τῆς
803 525 1008 578 τραπέζης
1035 526 1113 564 τοῦ
1143 522 1364 570 Ξυλινίτου
1395 539 1518 579 κατη-

79 592 329 642 γορηθέντος
355 587 412 636 ὥς
439 590 691 643 φιλουμένου
711 587 826 643 παρὰ
847 591 919 643 τῆς
936 591 1199 645 Λϋγούστης,
1225 591 1369 631 τοῦτον
1389 589 1410 630 ὁ
1436 592 1520 641 βα-

79 653 222 702 σιλεὺς
251 655 473 709 α’ποκείρας
512 654 698 708 μοναχὸν
733 654 945 711 ε’ποιήσεν·
1013 654 1058 705 ὃς
1089 657 1159 697 ἐπί
1186 657 1367 705 Λέοντος
1394 659 1518 709 βασι·

80 723 184 770 λε’ως
209 723 369 774 γέγονεν
414 722 625 773 οἰκονόμος
664 723 709 763 ἐν
737 723 788 778 τῇ
820 719 976 779 μεγάλῃ
1005 723 1208 778 ἐκκλησίᾳ,
1235 723 1307 763 καί
1330 720 1554 775 τελευτή-Β

79 801 157 834 σας
183 788 343 827 τίθεται
371 788 416 827 ἐν
445 789 495 842 τῇ
522 788 628 842 μονῇ
656 785 707 841 ἢν
733 785 860 836 αὐτὸς
888 786 1197 832 κατεσκεύασεν.
1253 786 1330 830 καί
1350 788 1516 828 ἀπέκει-

26 855 152 905 ιθρεν
179 851 255 900 τὰς
284 853 416 894 αὕτοῦ
443 852 645 908 ἀδελφάς.
1488 852 1495 858 ’

187 917 337 960 Πολλοὶ
368 918 414 959 δὲ
449 918 656 972 μάρμαρα
699 922 770 961 καί
797 921 989 975 ψηφῖδας
1025 922 1069 962 ἐκ
1102 921 1263 962 πολλῶν
1294 921 1519 974 ἐκκλησιῶν

79 984 279 1038 α’νέλαβεν
307 983 330 1024 ὅ
365 983 563 1037 βασιλεὺς
592 985 715 1039 λόγου
744 989 817 1040 τῆς
844 987 938 1034 νέας
964 987 1192 1041 ἐκκλησίας,
1223 988 1267 1027 ἐν
1300 981 1358 1033 οἷς
1387 985 1517 1040 στήλη

78 1049 221 1092 ἵστατο
255 1052 391 1105 χαλκῆ
442 1053 486 1093 ἐν
537 1052 594 1107 τῷ
635 1052 818 1093 §aaron
853 1054 997 1106 σχῆμα
1036 1052 1261 1094 ἐπισκόπου
1302 1054 1517 1107 φέρουσα·

79 1115 240 1170 ἐκράτει
281 1119 328 1159 δὲ
355 1118 382 1172 ἦ
427 1116 534 1172 αὕτη
577 1117 707 1172 στήλη
733 1120 776 1159 ὲν
803 1118 853 1175 τῇ
880 1119 995 1173 χειρὶ
1031 1117 1184 1174 ῥάβδον
1220 1116 1380 1172 ἔχουσα
1419 1113 1518 1173 ι’)’φιν

24 1186 67 1221 15
80 1184 434 1237 ἐντετυλιγμένον·
489 1184 645 1238 ταύτην
671 1185 975 1238 καταγαγόντες
1008 1183 1166 1239 ἔθηκαν
1194 1186 1238 1226 ὲν
1258 1186 1315 1240 τῷ
1343 1187 1519 1238 βεστια-

79 1248 168 1306 elegi.
235 1248 505 1300 κατελθόντος
542 1252 588 1293 δὲ
633 1253 710 1291 τοῦ
748 1253 954 1304 βασιλέως
1002 1253 1075 1292 καί
1117 1249 1371 1299 ἀπελθόντος
1414 1249 1518 1293 ἔνθα

78 1315 222 1356 ἵστατο
250 1316 380 1371 στήλη
409 1315 533 1371 ὀρθή,
562 1319 728 1370 ἐνέβαλε
758 1316 831 1358 τὸν
870 1315 1070 1358 δάκτυλον
1098 1311 1231 1358 αῧτοῦ
1259 1319 1330 1358 ἐπὶ
1355 1316 1398 1358 τὸ
1425 1315 1519 1359 στό-

78 1397 139 1434 μα
172 1382 248 1423 τοῦ
278 1377 437 1438 ὄφεως·
464 1378 522 1423 ‹Bv
551 1384 598 1424 δὲ
628 1384 717 1424 ἐκεῖ
740 1384 821 1434 ζαῒν
848 1377 946 1437 ὄφις
974 1382 1095 1424 ἔδακε
1116 1384 1191 1423 τοῦ
1217 1384 1422 1435 βασιλέως
1449 1382 1521 1424 τόν

83 1447 311 1503 δάκτυλον,
351 1446 394 1497 ὃς
437 1447 558 1500 μόλις
600 1450 653 1490 δι’
679 1447 1005 1503 α’ντιφαρμάκων
1044 1449 1175 1503 ἰάθη,
1203 1447 1518 1500 θαυμασάντων

24 1512 70 1547 20
82 1514 248 1555 πάντων
275 1513 348 1556 ἐπὶ
371 1514 515 1571 τούτῳ.
571 1514 677 1556 α’λλά
710 1514 783 1556 καί
819 1513 895 1569 την
922 1513 1071 1569 στήλην
1099 1516 1364 1567 Σολομῶντος
1395 1514 1441 1554 ἐν
1467 1514 1558 1569 τῇῦ

80 1581 278 1636 βασιλικῇ
305 1575 407 1636 οὔσῃ
436 1581 607 1638 μεγίστῃ
637 1579 836 1631 κατεάξας
869 1584 1115 1635 προσέταξεν
1145 1581 1206 1620 ἐπ’
1235 1578 1407 1632 ὀνόματι
1437 1579 1517 1621 αὖ-

81 1647 155 1686 τοῦ
180 1646 470 1702 ἑκτυπωθῆναι
499 1646 572 1688 καί
609 1645 782 1702 τεθῆναι
810 1644 995 1688 κάτωθεν
1020 1647 1065 1687 ἐν
1093 1651 1179 1695 τοῖς
1207 1646 1418 1699 θεμελίοις
1445 1647 1520 1700 τῆς

83 1831 267 1865 navalibus
302 1842 386 1864 vero
422 1832 534 1876 copiis
573 1831 666 1864 circa
690 1841 804 1864 novae
837 1831 1010 1864 ecciesiae
1045 1834 1252 1863 structuram
1284 1834 1321 1862 et
1353 1839 1517 1872 aggerum

83 1879 306 1912 effossionem
331 1880 522 1924 occupatis,
548 1879 750 1923 priusquam
784 1877 914 1911 deinde
948 1878 1175 1924 imperatoria
1200 1877 1319 1909 classis
1347 1876 1518 1908 adventa-

84 1932 149 1966 ret,
171 1927 388 1968 Syracusana
412 1926 534 1960 civitas
569 1925 787 1959 deditionem
815 1924 919 1964 fecit,
945 1924 990 1957 de
1013 1935 1084 1970 qua
1107 1925 1299 1970 imperator
1326 1924 1517 1968 plurimum

84 1973 251 2006 indoluit.

175 2019 317 2053 Nicetas
352 2024 470 2053 autem
510 2019 688 2063 Xylinitae
721 2018 817 2052 filius
844 2029 985 2050 mensae
1011 2018 1261 2062 praepositus,
1288 2027 1367 2049 cum
1391 2016 1518 2049 secreti

84 2066 128 2098 ad
155 2068 342 2111 Augustam
367 2067 494 2099 amoris
520 2066 659 2099 delatus
688 2066 828 2105 fuisset,
852 2064 947 2098 hunc
964 2065 1155 2109 imperator
1177 2063 1363 2096 detonsum
1390 2074 1517 2096 mona-

84 2113 187 2146 chum
217 2115 349 2155 effecit3
374 2114 435 2158 qui
460 2113 523 2146 sub
548 2113 669 2146 Leone
704 2114 916 2158 imperatore
948 2122 1160 2144 oeconomus
1184 2112 1223 2143 in
1247 2121 1372 2154 magna
1400 2111 1516 2142 eccle-

84 2161 137 2194 sia
165 2166 300 2193 creatus
327 2166 391 2202 est,
419 2165 456 2193 et
481 2161 552 2194 vita
580 2160 722 2193 functus
755 2161 791 2192 in
825 2159 1039 2192 monasterio
1066 2158 1110 2191 ab
1134 2169 1178 2191 eo
1216 2162 1419 2190 constructo
1449 2156 1516 2189 de-

84 2206 221 2252 positus
266 2212 331 2241 est.
355 2251 358 2253 ‚
395 2207 471 2241 eius
513 2218 656 2253 quoque
701 2217 836 2240 sorores
884 2205 1024 2250 capillis
1067 2210 1186 2238 tonsas
1224 2204 1396 2238 moniales
1433 2203 1516 2236 red-

85 2253 189 2287 didit.

177 2300 338 2333 Ceterum
357 2311 525 2334 marmora
542 2301 693 2346 plurima
708 2305 744 2333 et
758 2311 800 2332 ex
816 2310 923 2343 opere
936 2298 1117 2331 tessellato
1131 2298 1258 2341 figuras
1270 2297 1382 2331 varias
1402 2306 1444 2330 ex
1456 2308 1514 2330 ec-

85 2347 201 2380 clesiis
222 2347 383 2391 plurimis
396 2358 507 2381 novae
527 2349 671 2389 alterius
686 2346 918 2380 exstruendae
932 2346 1043 2389 gratia
1063 2346 1211 2378 sustulit
1227 2345 1429 2389 imperator.
1454 2345 1516 2377 in-

85 2399 139 2428 ter
167 2394 253 2426 haec
279 2400 484 2429 ornamenta
500 2395 568 2428 fuit
581 2396 685 2428 etiam
699 2400 812 2428 statua
827 2403 928 2426 aerea
947 2391 991 2424 ad
1006 2398 1176 2432 senatum,
1192 2393 1350 2437 episcopi
1367 2393 1514 2424 formam

84 2439 263 2481 referens,
302 2451 394 2485 quae
430 2442 560 2486 virgam
598 2447 762 2487 serpente
792 2439 1078 2474 circumvolutam
1117 2450 1223 2472 manu
1250 2438 1411 2483 gerebat:
1437 2449 1514 2470 eam

83 2488 163 2521 loco
188 2488 383 2532 depositam
410 2488 448 2521 in
470 2489 637 2523 vestiario
663 2489 879 2522 locaverunt.
928 2486 1107 2531 profectus
1135 2486 1222 2518 illuc
1246 2487 1451 2530 imperator,
1477 2490 1514 2518 et

83 2534 129 2568 ad
154 2535 270 2568 locum
296 2546 367 2579 quo
394 2540 508 2568 statua
547 2537 664 2569 fuerat
690 2540 808 2568 erecta
843 2533 1072 2574 descendens,
1095 2533 1133 2566 in
1155 2533 1328 2577 serpentis
1354 2543 1391 2564 os
1419 2531 1513 2576 digi-

82 2587 156 2615 tum
182 2583 338 2614 immisit.
388 2593 531 2627 serpens
557 2588 675 2615 autem
702 2582 831 2615 ibidem
863 2581 960 2614 vivus
996 2585 1154 2626 repertus
1180 2579 1326 2623 digitum
1355 2579 1511 2623 impera-

81 2630 168 2662 toris
190 2628 392 2669 momordit,
418 2629 507 2663 adeo
535 2635 585 2670 ut,
610 2629 706 2675 quod
718 2630 844 2662 mirum
869 2627 1031 2661 omnibus
1059 2626 1190 2660 deinde
1213 2627 1323 2659 visum
1349 2630 1419 2665 est,
1446 2625 1512 2658 ad..

82 2675 207 2709 bibitis
247 2675 410 2710 remediis
443 2677 503 2710 vix
539 2678 652 2710 sanari
681 2676 851 2722 potuerit.
910 2680 1026 2708 statua
1062 2684 1208 2719 quoque
1240 2673 1438 2706 Salomonis
1465 2672 1511 2705 ad

81 2721 260 2756 basilicam
300 2728 415 2757 stante
443 2722 633 2766 confracta,
657 2734 700 2757 ex
736 2724 811 2758 eius
836 2722 979 2756 metallo
1014 2721 1194 2768 propriam
1214 2720 1386 2753 efformari
1413 2725 1450 2754 et
1471 2721 1510 2754 iu

163 2797 234 2834 Leo
262 2798 534 2835 Grammaticus.
1210 2793 1250 2827 17
