1838 3132
595 142 1087 190 CHRONOGRAPHIA.
1457 145 1554 190 237

104 242 272 297 τρόποις
291 245 435 284 λυπεῖν
459 241 590 298 αὐτὴν
608 246 874 299 κατηπείγετο
896 242 1010 296 ὅσοις
1039 245 1118 302 πρὸ
1138 245 1283 288 τούτου
1302 247 1556 300 θεραπεύειν
1570 258 1600 290 D

105 310 414 364 ε’σχηματίζετο.
481 310 554 351 καί
578 308 629 364 δὴ
659 311 737 359 τὰς
763 313 841 364 μὲν
873 311 1061 368 ἀδελφὰς
1094 312 1226 355 αὐτοῦ
1247 313 1408 354 Θέκλαν
1431 313 1556 355 Ἀνα-

103 378 281 418 στασιάν
313 375 385 417 καί
407 371 562 417 ’Ἅνναν
590 379 747 428 ἐξωθεῖ
779 379 856 418 τοῦ
882 383 1110 431 παλατιόυ,
1138 377 1384 433 καταγαγών
1413 381 1472 428 εἰς
1501 378 1552 421 τά

106 443 343 496 Καριανοῦ,
374 445 649 498 Πουλχερίαν
680 443 727 483 δὲ
755 443 813 492 ὥς
841 439 1109 500 ἦγαπημὲνην
1130 448 1182 501 τῇ
1204 444 1335 501 μητρὶ
1362 447 1556 488 α’πέστει..

70 511 174 550 ὀλεν
201 511 246 550 ἐν
273 510 323 565 τῇ
349 510 455 564 μονῇ
479 510 559 550 τῶν
586 509 626 550 Γ
625 508 832 562 αστρίων·
871 506 951 551 εἷθ’
981 508 1090 553 οὕτω
1114 514 1202 564 μετ’
1233 514 1371 565 ὀλίγον
1395 509 1555 563 ὲνοόσας

103 573 244 623 πάσας
273 576 317 616 ἐν
342 576 394 631 τῇ
420 577 526 631 μονῇ
553 575 636 616 τῶν
665 576 886 629 Γαστρίων
915 577 1143 631 (ἐπέκειρεν.
1172 577 1254 619 ὑπὸ
1288 579 1334 620 δὲ
1361 581 1435 633 τῆς
1455 594 1556 632 συγ-

103 641 251 696 κλήτου
273 639 408 695 πάσης
445 640 724 696 εὐφημισθείς
755 639 881 693 μόνος
911 641 1231 700 αὕτοκρατορεΐ,
1261 646 1334 686 καί
1370 644 1556 699 προβάλ-

102 710 217 756 λεται
255 704 432 760 Βάρδάν
465 706 694 762 ,ιιάγιστρον
736 709 808 749 καί
852 710 1098 760 δομέστικον
1131 711 1221 752 ’τῶν
1261 713 1439 765 σχολῶν,
1493 709 1555 766 μὴ

103 774 452 827 διαλλαττομένης
482 774 527 814 δὲ
558 775 631 828 τῆς
657 772 814 828 μητρὸς
847 774 981 817 αὐτοῦ
1009 774 1148 832 ἔχθρα
1175 777 1363 833 ὑπῆρχεν
1395 778 1554 831 ἀναμε-

48 849 91 884 10
103 839 205 891 ταξὺ
238 835 377 880 αὐτῶν
405 834 622 889 ἄσπονδος.
695 839 717 882 ὃ
746 842 792 883 δὲ
822 840 955 896 αὕιήν
985 842 1231 898 καταγαγών
1257 846 1327 893 εἰς’
1345 842 1389 886 τὸ
1419 859 1549 897 μονα-

100 903 267 961 στὴριον
305 905 352 947 τὸ
394 902 505 949 οὕτω
544 906 597 949 τὰ
637 908 679 948 Γ
676 909 829 962 αστρία
866 906 1124 961 καλούμενον
1162 910 1426 966 ἀπέστειλεν,
1456 907 1549 965 ἥτις

101 973 266 1030 α’θυμίᾳ
298 976 631 1026 μετεωρισθεϊσα
669 972 741 1016 τόν
770 976 869 1016 νοῦν
899 975 1074 1026 ἀναξίαν
1112 973 1267 1031 ἑαυτήν
1298 975 1548 1028 συσκευάζει

98 1037 257 1094 βουλὴν
287 1038 392 1080 κατὰ
412 1039 611 1092 Βάρδαν,
637 1042 869 1097 βουλομένη
897 1039 975 1083 σὺν
1003 1044 1165 1085 πολλῶν
1193 1044 1265 1084 καί
1291 1040 1432 1092 ἄλλοις
1461 1059 1549 1084 κοι-
1560 1047 1682 1101 P5462

98 1102 229 1146 νωνόν
254 1107 326 1146 καί
352 1106 427 1147 τοῦ
463 1108 669 1159 βασιλέως
700 1104 783 1148 τὸν]
818 1107 1175 1163 πρωτοστράτορα
1206 1104 1318 1159 ὅπως
1346 1108 1550 1164 ὖποστρὲ-

45 1176 87 1211 15
101 1185 235 1227 φοντα
260 1169 436 1225 Βάρδαν
478 1171 558 1213 ἀπὸ
606 1174 684 1214 τοῦ
711 1173 961 1226 προαστείου
1000 1175 1130 1216 αὐτοῦ
1158 1174 1444 1230 α’ναιρήσωσιν
1470 1175 1549 1216 αὖ-

97 1236 177 1284 τὸν.
232 1232 290 1280 ὦν
322 1237 347 1292 ἦ
386 1240 538 1294 μελέτη
567 1237 646 1292 πρὸ
691 1241 768 1281 τοῦ
799 1238 923 1294 ἔργον
966 1245 1262 1297 φανερωθεῖσα
1289 1248 1378 1284 κατ’
1408 1242 1549 1283 αὐτῶν

98 1306 264 1346 ἐκείνων
288 1307 370 1346 τῶν
398 1302 710 1360 μελετησὰντων
739 1303 784 1347 τὸ
815 1305 940 1348 κακὸν
967 1306 1224 1362 ἐξενήνοχεν·
1282 1311 1548 1363 φωραθέντες

97 1368 179 1425 γάρ
210 1371 284 1414 καί
308 1374 635 1424 κατασχεθέντες
663 1373 708 1413 ἐν
736 1374 788 1429 τῇ
807 1370 1021 1429 Σφενδόνῃ
1047 1373 1122 1422 τας
1150 1374 1336 1430 κεφαλὰς
1356 1371 1547 1429 ἀπετμή-

97 1440 248 1492 θησαν.
303 1439 374 1480 καί
393 1437 673 1492 προβάλλεται
700 1437 774 1480 τὸν
802 1441 1024 1482 Βασίλειον
1051 1439 1233 1494 Μιχαὴλ
1262 1440 1355 1483 οἷντί
1382 1443 1455 1483 τοῦ
1478 1455 1548 1482 τε-

40 1506 87 1542 20
98 1503 371 1558 λευτὴσαντος
398 1504 760 1559 πρωτοστράτορα,
793 1501 945 1559 ὁμοίως
966 1507 1038 1547 καί
1066 1505 1242 1561 Βάρὸαν
1267 1509 1384 1549 θεῖον
1414 1507 1548 1548 αὐτοῦ’

96 1569 420 1626 κουροπαλάτην.
489 1569 610 1612 ἔπεσε
648 1572 695 1612 δὲ
721 1571 811 1614 τότε
852 1571 964 1621 κόνις
993 1574 1037 1615 ὲκ
1065 1575 1141 1614 τοῦ
1166 1573 1350 1628 οὐρανοῦ
1379 1589 1548 1615 κατενε-

93 1639 251 1691 χθεῖσα
290 1639 363 1678 ἐπὶ
398 1635 498 1687 τούς
537 1636 747 1692 κεράμους
787 1636 1027 1695 αἱματώδης
1062 1637 1234 1695 πλήρης.
1305 1642 1378 1683 καί
1403 1642 1550 1684 πολλοὶ

195 1753 251 1787 13.
275 1754 543 1801 βουλευομένηὲ
661 1754 715 1789 19.
745 1756 898 1801 βασιλέα
929 1756 951 1788 Ρ

101 1865 204 1907 lium,
228 1866 278 1899 ita
305 1867 462 1912 corporis
498 1866 660 1902 habitum
695 1868 860 1914 factaque
898 1880 989 1902 nova
1015 1869 1157 1911 induit,
1184 1875 1224 1903 ut
1248 1874 1304 1903 tot
1328 1871 1443 1904 modis
1470 1883 1548 1906 eam

102 1914 312 1947 contristare
348 1915 607 1957 contenderet,
636 1921 726 1961 quot
753 1916 950 1949 rationibus
976 1928 1052 1950 eam
1079 1917 1197 1950 colere
1221 1918 1318 1962 prius
1346 1919 1544 1953 simularet.

102 1970 143 1993 ac
167 1971 303 1994 sorores
342 1962 487 2008 quidem
513 1974 605 2004 suas,
631 1963 803 1996 Theclam
833 1965 1051 1997 Anastasiam
1085 1970 1121 1997 et
1159 1967 1306 2006 Annam,
1335 1966 1378 1998 ad
1405 1966 1548 1999 Cariani

102 2007 208 2041 aedes
249 2008 419 2042 deductas
445 2011 580 2054 palatio
616 2011 734 2043 eiicit:
776 2011 998 2044 Pulcheriam
1032 2013 1132 2044 velut
1166 2013 1270 2044 matri
1315 2012 1480 2046 dilectam
1509 2014 1549 2048 in

101 2055 325 2088 Gastriorum
346 2058 600 2090 monasterium
627 2057 816 2102 delegavit.
850 2059 958 2104 paulo
988 2064 1069 2104 post
1093 2070 1176 2092 vero
1203 2065 1346 2093 cunctas
1372 2061 1409 2093 in
1439 2073 1550 2094 unum

102 2102 271 2136 collectas
297 2104 333 2136 in
359 2104 483 2137 eodem
510 2105 731 2139 Gastriorum
757 2107 974 2139 monasterio
1015 2106 1051 2138 in
1075 2106 1266 2140 monachas
1300 2107 1477 2141 detondit.
1529 2119 1549 2141 a

102 2155 227 2182 senatu
258 2150 388 2184 deinde
413 2151 539 2185 faustis
566 2153 887 2186 acclamationibus
917 2159 1085 2198 exceptus
1114 2154 1299 2199 imperium
1329 2156 1431 2188 nullo
1460 2167 1549 2189 con-

102 2202 198 2229 sorte
229 2197 324 2230 solus
363 2200 491 2242 gessit,
531 2205 567 2233 et
594 2200 736 2233 Bardam
767 2201 970 2244 magistrum
1010 2200 1283 2247 scliolarumque
1315 2202 1548 2236 domesticum

102 2244 271 2277 instituit.
321 2256 399 2279 cum
424 2252 534 2280 matre
571 2258 655 2281 vero
682 2247 840 2281 nonduin
883 2248 1107 2281 reconciliata
1133 2249 1343 2282 inimicitiae
1374 2250 1548 2283 interces-

102 2295 226 2324 serunt
249 2298 455 2337 perpetuae·
506 2297 581 2340 ipse
607 2296 689 2328 aula
707 2297 855 2329 eiectam
885 2296 922 2328 in
943 2296 1210 2338 monasterium,
1235 2299 1292 2329 cui
1315 2298 1456 2330 Gastria
1479 2308 1548 2331 no·-

102 2349 197 2377 men,
222 2337 377 2372 demisit.
426 2342 501 2386 ipsa
530 2343 636 2375 animi
661 2354 819 2376 moerore
860 2348 957 2376 extra
981 2354 1018 2375 se
1045 2343 1137 2376 facta
1162 2349 1198 2377 et
1225 2344 1387 2389 abrepta,
1411 2356 1548 2390 propo-

102 2386 208 2418 situm
234 2392 345 2419 matre
370 2387 554 2432 indignum
584 2389 720 2433 induit3
749 2396 784 2423 et
810 2389 976 2422 adversus
992 2389 1139 2423 Bardam
1167 2403 1245 2424 cum
1271 2391 1434 2437 pluribus
1460 2403 1548 2424 con—

101 2433 223 2465 silium
249 2433 340 2473 iniit,
366 2435 464 2468 cuius
490 2437 682 2482 participes
711 2442 748 2470 et
774 2438 862 2470 alios
892 2438 979 2470 fecit
1004 2442 1040 2470 et
1064 2438 1287 2484 imperatoris
1313 2444 1550 2484 protostrato-

103 2490 188 2519 rem,
217 2485 257 2513 ut
275 2481 439 2514 nimirum
467 2483 613 2516 Bardam
642 2496 660 2517 e
695 2484 898 2517 suburbano
924 2483 1130 2518 redeuntem
1156 2486 1412 2519 interimerent.
1462 2497 1549 2520 con-

102 2527 235 2566 silium,
261 2533 450 2574 antequam
471 2531 702 2574 perficeretur
727 2543 836 2576 opere
864 2533 901 2564 in
927 2532 1040 2564 lucem
1067 2531 1259 2573 detectum,
1285 2535 1322 2565 in
1351 2539 1460 2577 eaput
1485 2544 1548 2566 eo-

104 2585 179 2606 rum
207 2575 268 2619 qui
298 2575 434 2608 facinus
460 2577 603 2611 fuerant
625 2578 789 2612 meditati
814 2579 1010 2624 periculum
1029 2581 1223 2621 transtulit,
1243 2581 1279 2612 in
1308 2581 1545 2624 suspicionem

102 2620 281 2666 siquidem
308 2624 492 2656 venientes
517 2631 553 2658 et
577 2625 820 2671 comprehensi
847 2626 891 2658 ad
916 2627 1006 2659 Circi
1035 2633 1165 2661 metam
1191 2627 1367 2672 capitibus
1393 2628 1546 2660 truncati

103 2674 199 2701 sunt.
250 2670 443 2715 imperator
471 2681 554 2704 vero
580 2673 756 2706 demortui
783 2675 858 2706 vice
878 2673 1089 2706 Michaelem
1119 2679 1412 2720 protostratorem
1441 2675 1546 2708 iusti-

102 2717 183 2758 tuit,
210 2716 431 2764 Bai-danique
452 2720 588 2763 pariter
613 2722 827 2754 avunculum
858 2721 1115 2766 curopalatem.
1166 2726 1257 2755 tuno
1269 2721 1438 2768 temporis
1462 2723 1545 2769 pul-
