1838 3132
303 169 375 209 DE
399 164 805 210 THESSALONICA
831 164 868 207 A
893 163 1102 206 LATINIS
1126 160 1314 206 CAPTA.
1433 159 1528 204 381

89 267 162 311 καί
204 266 227 309 ὅ
254 266 399 321 λαχών
433 273 730 323 πατριαρχεῖν,
767 265 790 307 ὅ
829 263 903 306 καί
929 263 1004 312 τὰς
1034 261 1185 318 α’ρετοὶς
1223 264 1296 304 καί
1320 261 1391 304 τὸν
1412 262 1533 318 λόγον

86 332 282 389 περιττός
311 332 545 388 Θεοδόσιος,
576 332 623 375 ὃν
652 333 677 388 ἦ
698 333 778 375 τῶν
801 331 1049 384 Ἀντιοχέων
1069 331 1119 385 τῇ
1134 325 1410 383 μεγαλοπόλει
1432 329 1532 382 ἑχο-

85 402 263 456 ρήγησεν
292 398 454 455 ἀγαθὸν
482 401 776 455 πολυτίμητον·
836 397 926 439 ἄλλ’
956 395 981 450 ἦ
1009 395 1111 449 γυνή
1143 400 1338 449 προεῖχεν
1367 390 1438 438 οἷα
1462 397 1537 436 καί

84 466 186 521 γυνὴ
221 465 292 508 καί
314 465 467 521 μήτηρ,
501 467 574 506 καί
595 460 645 519 ἦν
661 466 738 507 τοῦ
765 464 913 505 λοιποῦ
941 460 1090 511 σκοπὸς
1119 459 1224 515 αὐτὴ
1256 460 1326 503 διὰ
1352 459 1399 516 τιὸ
1429 476 1532 516 προ-

50 535 330 587 5φαίνεσθαι,
363 533 438 573 καί
449 547 554 579 τινες
583 529 736 584 ἔρωτος
762 529 875 586 νόμῳ
903 527 1138 578 ἐτοξάζοντο
1165 533 1254 569 κατ’
1283 528 1414 582 αὐτῆς
1438 531 1535 570 λαν-

84 597 306 652 θάνοντες,
345 596 388 639 εἴ
411 612 498 644 πως
531 594 768 648 ,ιιεσιτεύσει
809 593 858 636 τοὶ
906 595 979 647 τῆς
1005 595 1152 648 βολῆς,
1181 591 1235 642 ὥς
1267 594 1405 650 ἐῴκει,
1434 595 1536 649 πρὸς

83 666 302 716 βασιλείας
334 664 572 716 ἐπιτυχίαν.
613 659 909 716 ὑπερηκόντιζε
949 660 995 701 δὲ
1035 657 1134 708 τούς
1161 659 1332 708 λοιπούς
1355 656 1539 712 Ἀλέξιος

84 726 107 769 o‘
140 728 385 784 Κομνηνός,
420 729 674 784 α’δελφιδοῦς
704 729 782 779 μὲν
820 722 878 768 ὢν
922 727 979 783 τῷ
1010 723 1282 780 αὐτοκράτορι
1312 727 1537 781 Μανουήλ,

84 793 161 850 τήν
190 797 268 836 τοῦ
294 794 642 848 πρωτοσεβαστοῦ
672 795 718 835 δὲ
755 792 887 848 ζώνην
917 795 1059 847 φέρων
1077 822 1089 845 ,
1119 794 1192 832 καί
1219 792 1458 846 προσήχετο
1485 794 1538 849 τῇ

30 867 73 900 10
86 863 279 918 δεσποίνῃ
323 863 376 918 τῇ
403 863 478 903 τοῦ
513 861 721 914 βασιλέως
757 861 890 914 μητρί
916 861 1037 900 πλέον
1065 859 1147 900 τῶν
1176 852 1325 900 ἄλλων.
1355 859 1538 914 ὑφέρπει

84 923 160 970 οὖν
188 929 306 982 ζῆλος
332 929 536 978 ἐντεῦθεν,
567 928 641 967 καί
667 923 692 967 δ’
723 942 854 981 φασιν
873 921 1122 977 ὄστρακίνδα
1151 922 1254 966 κατὰ
1284 926 1360 966 τοῦ
1385 924 1538 979 α’νδρὸς

83 992 430 1046 ὖποβλεψάμενος
473 994 549 1033 ου’κ
577 991 684 1033 οἷνίει
723 989 891 1033 ἑλίττων
933 988 1124 1045 στροφάς
1153 993 1353 1043 ποικίλας,
1384 990 1428 1033 εἴ
1450 1007 1538 1040 πως

84 1060 225 1117 ἐκείνῳ
273 1056 525 1111 μεθοδεύσει
568 1056 840 1111 μετάστασιν.
912 1055 987 1097 καί
1014 1071 1101 1104 πως
1138 1054 1246 1098 οὕτω
1288 1057 1414 1108 δόξαν
1451 1062 1536 1106 τοῖς

84 1127 312 1179 τηνικαῦτα
338 1126 600 1180 προφέρουσι
631 1126 713 1165 τῶν
743 1119 793 1164 εὖ
812 1122 1055 1177 γεγονότων,
1083 1122 1312 1172 συνθεσίας
1339 1126 1429 1165 κατ’
1457 1125 1536 1165 αύ-

29 1194 158 1233 115τοῦ
186 1194 339 1239 πέπλος
369 1189 584 1246 ῥάπτεται,
613 1190 852 1243 περιδύσων
883 1187 1012 1231 αὐτὸν
1040 1191 1113 1231 καί
1138 1192 1322 1241 συνέξων
1353 1185 1403 1231 οὗ
1430 1186 1537 1245 πρὸς

81 1255 249 1311 ἡδονήν.
310 1253 483 1312 ὖ’φαναν
524 1259 571 1297 δὲ
607 1259 793 1298 τοιοῦτον
822 1257 1025 1307 πέπλωμα
1063 1255 1138 1295 οὐκ
1171 1257 1304 1309 ὀλίγοι
1331 1271 1375 1298 τε
1403 1258 1538 1310 ἕτεροι

82 1326 156 1366 καί
181 1321 219 1365 οἱ
247 1321 323 1365 δύο
363 1324 510 1371 παῖδες
543 1322 810 1375 Ἀνδρονίκου
838 1322 912 1363 τοῦ
942 1323 985 1362 ὲκ
1018 1323 1258 1376 Κομνηνῶν,
1290 1321 1336 1372 ὃς
1364 1324 1538 1364 αὐτανέ-

83 1400 183 1442 ψιος
210 1391 289 1442 μὲν
319 1383 372 1445 ἦν
402 1390 459 1446 τῷ
491 1386 908 1442 βασιλεῖηΜανουὴλ,
956 1389 1028 1428 καί
1056 1387 1112 1435 ὥς
1141 1383 1193 1428 ἄν
1223 1387 1249 1442 ἦ
1279 1386 1427 1429 πεδινὰ
1458 1393 1538 1430 λα·-

84 1457 219 1498 λοῦσα
238 1453 348 1498 εἴποι
367 1456 551 1509 γλῶσσα,
580 1456 740 1506 πρῶτος
768 1450 1008 1509 ἐξάδελφος,
1040 1454 1098 1502 εἰς
1123 1456 1337 1507 βασίλειον
1354 1456 1400 1496 δὲ
1430 1454 1536 1509 θρό-

24 1526 153 1562 2ονον
179 1518 331 1564 ἑαυτὸν
363 1520 563 1563 ἐκάθισεν
605 1516 778 1574 ὕστερον
822 1519 875 1559 ου’
912 1519 1022 1560 πάνυ
1060 1520 1251 1573 εὐτυχῶς
1291 1518 1378 1562 οὔτ’
1420 1522 1538 1577 αὐτῷ

83 1582 181 1628 οὔτε
222 1593 310 1636 τοῖς
347 1586 446 1641 περὶ
471 1587 613 1629 αὐτόν.
689 1586 876 1637 ὀνόματα
917 1587 963 1627 δὲ
993 1591 1080 1628 τοῖν
1121 1587 1289 1628 παίδοιν
1316 1582 1442 1642 ἥτην,
1481 1589 1537 1644 τῷ

81 1653 234 1712 πρώτῳ
259 1655 338 1707 μὲν
365 1651 470 1696 κατὰ
498 1654 686 1707 γέννησιν
708 1649 930 1706 ῙΙῙανουὴλ,
955 1651 1145 1706 Ἰωάννης
1175 1653 1221 1693 δὲ
1254 1654 1308 1708 τῷ
1334 1656 1424 1706 μετ’
1455 1654 1534 1695 αὕ-

81 1717 167 1775 τόν,
197 1718 247 1762 ὃν
272 1720 346 1762 καί
380 1718 510 1762 αὐτὸν
550 1716 773 1774 ἐγνώρισεν
811 1718 835 1773 ἦ
864 1720 1082 1771 βασιλεία,
1113 1717 1225 1760 καθὰ
1261 1718 1335 1761 καί
1360 1719 1428 1762 τὸν
1455 1737 1535 1762 πα..

82 1931 235 1971 gentem.
285 1926 433 1959 fuerunt
455 1925 599 1970 quidem
627 1926 734 1957 etiam
753 1925 812 1957 ulii
832 1929 980 1966 tutores,
1010 1926 1046 1958 in
1073 1924 1203 1971 quibus
1234 1926 1276 1966 is,
1306 1927 1362 1959 cui
1387 1927 1532 1971 obtige-

82 1979 135 2007 rat
163 1973 443 2018 patriarchatus,
475 1972 664 2004 virtutibus
701 1978 736 2004 et
771 1971 936 2004 facundia
969 1972 1118 2006 eximius
1153 1972 1381 2007 Theodosius
1401 1999 1410 2014 ‚
1434 1974 1532 2019 quod

78 2021 213 2054 boumn
239 2020 434 2065 pretiosum
463 2019 604 2064 imperii
622 2019 730 2064 capiti
749 2018 1032 2052 commodaverat
1058 2020 1207 2052 ecclesia
1222 2021 1526 2055 Antiochensium.

80 2068 142 2101 sed
181 2073 300 2100 tamen
338 2067 504 2112 primaria
548 2066 610 2098 illa
638 2071 735 2106 erat,
775 2067 910 2111 quippe
949 2071 985 2098 et
1010 2067 1138 2099 mulier
1165 2073 1201 2099 et
1230 2073 1353 2107 mater,
1379 2075 1527 2114 eratque

79 2115 181 2160 quasi
224 2126 351 2159 scopus
387 2113 533 2160 quidam
575 2119 722 2158 propter
758 2124 834 2145 eam
863 2113 1095 2155 dignitatem,
1134 2125 1239 2158 quem
1272 2117 1438 2149 nonnulli
1467 2128 1531 2161 per

78 2163 152 2194 tela
176 2163 305 2194 amoris
342 2162 480 2194 occulte
506 2160 704 2206 petebant,
728 2161 758 2192 si
785 2159 877 2192 forte
902 2171 943 2192 ea
969 2160 1040 2192 tela
1064 2165 1193 2194 metam
1223 2163 1364 2208 imperii
1393 2163 1531 2196 scilicet

79 2209 240 2242 ferirent.
302 2210 483 2253 superavit
506 2213 624 2241 autem
656 2219 697 2239 eo
724 2207 917 2239 certamine
955 2208 1113 2252 reliquos
1140 2209 1284 2242 Alexius
1312 2210 1528 2251 comnenus,

79 2257 141 2300 qui
171 2256 342 2300 patruelis
382 2256 604 2299 imperatoris
640 2254 818 2287 Manuelis
856 2258 893 2286 et
938 2254 1178 2298 protosebusti
1214 2257 1359 2300 cingulo
1382 2263 1528 2291 ornatus

79 2308 165 2342 erat,
191 2307 299 2347 atque
338 2303 463 2335 ceteris
501 2302 695 2335 studiosius
726 2301 963 2344 imperatrici,
988 2301 1211 2346 imperatoris
1238 2306 1354 2344 matri,
1384 2315 1528 2348 operam

80 2350 199 2382 dabat.
253 2349 407 2393 surrepit
437 2349 544 2393 igitur
578 2348 711 2382 invidia
752 2353 788 2381 et
827 2358 1018 2392 puerorum
1051 2348 1164 2383 instar
1198 2352 1299 2384 testis
1323 2350 1528 2384 ludentium

78 2397 388 2442 circumspiciens,
419 2395 514 2429 haud
539 2402 652 2429 cessat
675 2396 781 2428 variis
800 2395 932 2427 sinuati
952 2395 1105 2434 orbibus,
1131 2396 1160 2429 si
1186 2397 1279 2431 forte
1306 2398 1407 2431 illum
1434 2410 1529 2431 sum-

77 2449 230 2477 moveat.
282 2454 463 2489 quumque
489 2444 536 2477 sic
566 2444 640 2476 fere
665 2443 777 2475 visum
798 2447 891 2475 esset
914 2442 1129 2486 primoribus
1155 2456 1353 2488 procerum,
1382 2445 1531 2491 conspi-

79 2491 230 2524 rationis
266 2491 340 2524 tela
374 2491 529 2530 texitur,
556 2501 626 2535 qua
668 2490 731 2522 ille
768 2489 973 2522 involvatur
1000 2494 1036 2523 et
1063 2492 1289 2524 contineatur
1312 2492 1458 2525 minime
1483 2491 1530 2525 ad

80 2538 265 2570 laetitiam.
313 2542 507 2570 texuerunt
531 2543 647 2570 autem
675 2548 752 2570 eam
769 2537 875 2570 telam
898 2547 1006 2580 quum
1026 2537 1090 2570 alii
1114 2549 1188 2571 non
1213 2539 1331 2583 pauci,
1358 2544 1433 2572 tum
1457 2537 1530 2573 duo

79 2586 144 2618 filii
174 2584 378 2623 Andronici,
403 2584 464 2630 qui
494 2584 717 2617 eCornnenis
744 2589 780 2616 et
802 2583 1027 2626 imperatoris
1047 2584 1221 2618 Manuelis
1249 2585 1421 2630 patruelis
1448 2596 1530 2629 ger-

79 2643 214 2669 manus,
244 2631 278 2664 h.
306 2643 337 2663 e.
362 2636 401 2664 ut
428 2631 546 2664 verbis
568 2631 680 2664 dicam
702 2630 831 2675 planis,
857 2629 975 2663 fratris
1001 2630 1096 2663 filius
1125 2637 1211 2672 erat,
1238 2643 1279 2664 ac
1304 2632 1531 2677 postmodum

78 2679 201 2711 sellam
244 2678 432 2723 occupavit
477 2678 716 2723 imperialem,
755 2688 822 2710 nec
868 2676 938 2710 sibi
970 2688 1037 2711 nec
1064 2679 1185 2711 amicis
1213 2679 1332 2712 saluti.
1383 2680 1531 2714 nomina

79 2725 220 2759 duobus
254 2725 338 2759 filiis
383 2730 485 2758 erant
509 2731 595 2758 natu
630 2726 757 2758 maiori
785 2723 952 2764 Manuel,
994 2725 1124 2757 minori
1158 2727 1322 2766 loannes,
1359 2737 1467 2773 quem
1492 2732 1530 2761 et
