1838 3132
368 147 438 186 m:
462 144 865 188 THESSALONICA
892 144 927 187 A
953 145 1162 187 LATmis
1187 141 1377 185 CAPTA.
1495 132 1593 183 409

153 249 341 302 ὃρονίκου
372 244 651 299 ὀρθούμενοι,
703 243 747 286 αἱ
774 249 911 298 χεῖρες
953 245 1095 293 αὐτοῖς
1138 240 1195 292 ὥς
1222 242 1282 290 εἰς
1310 238 1412 282 θεὸν
1436 238 1594 281 οἷνετεί.

151 327 265 355 νοντο
294 313 365 354 καί
393 310 670 353 ἐθεοκλύτουν
695 309 766 352 ἐπὶ
789 315 874 359 τοῖς
908 311 1064 359 αὐτοῖς.
1127 308 1149 350 ὗ
1187 309 1232 350 δὲ
1263 303 1596 360 κατορθούμενον

150 374 231 434 ἤδη
263 380 425 431 βλέπων
456 377 501 419 τὸ
535 378 701 433 ἐφετόν,
745 375 863 418 ἔνδον
900 379 976 428 μὲν
1019 372 1086 418 οἷα
1127 373 1311 427 ἔπασχεν
1341 367 1418 427 ἄν,
1443 368 1514 411 καί
1539 369 1596 418 ὥς

152 443 323 499 ἔχαιρεν
367 441 598 497 ἀμύθητοι,
625 441 685 492 τίς
729 442 804 483 οὔκ
834 438 887 483 (ἲν
917 439 1192 495 τεκμήραιτο;
1228 438 1280 480 τοὶ
1311 440 1453 491 μέντοι
1480 434 1594 484 ἐκτὸς

117 506 288 558 ὁᾶλλως
332 508 513 562 ἕχρωζεν
556 506 734 563 ἑαυτόν,
772 507 843 548 καί
872 507 1008 549 ἐδόκει
1035 506 1093 560 μὴ
1128 503 1178 547 ἂν
1201 509 1346 561 φέρειν
1372 504 1478 558 μηδὲ
1507 503 1593 556 ζῆν,

151 578 192 618 εἰ
215 578 391 618 τοιαῦτα
441 575 588 615 α’κούοι
622 574 694 615 καί
721 574 777 623 ὦς
803 575 862 622 εἰς
891 573 1087 615 ἀπιστίαν
1113 569 1374 626 γυμνάζοιτο.
1431 571 1504 610 καί
1530 566 1594 616 τίς

149 642 242 695 ἐγώ,
268 639 494 695 &affatui
522 644 608 688 πῶς
639 637 691 682 ἂν
722 641 947 695 δυναιζιιηνς
976 640 1046 680 καί
1075 639 1132 687 ὠς
1160 641 1410 693 φευξοῦμαι,
1438 632 1511 677 καὶ
1537 630 1595 682 ὥς

147 707 390 762 μεταστήσω
418 706 498 748 τοῦ
523 710 646 759 βιοῦν
675 704 867 760 ἐμαυτόν,
897 707 936 748 εἰ
965 706 1022 759 μὴ
1055 706 1247 760 α’φίεμαι.
1306 702 1376 744 καί
1414 699 1592 756 ἐρράπι-

151 776 220 826 ζεν
249 771 400 816 ἑαυτὸν
439 777 511 814 καί
555 779 646 823 ταῖς
673 774 812 827 θριξίν
848 770 1041 826 ἐνύβριζε
1087 772 1159 812 καί
1185 771 1397 823 πολλαχοῦ
1425 770 1590 817 εἰλεῖτο,

94 849 136 883 10
149 842 281 883 δοκῶν
312 842 390 892 μὲν
419 842 580 882 ἐθέλειν
609 841 822 881 διὲκδυσιν
848 838 906 887 ὥς
936 841 994 887 εἰς
1026 838 1182 894 φυγήν,
1211 834 1355 883 διδούς
1383 836 1428 876 δὲ
1457 830 1593 882 ἄλλως

147 907 273 949 τόπον
301 909 413 963 χαρᾷ
456 906 527 947 καί
571 908 718 960 γέλωτι
760 903 990 960 λεληθότως
1029 903 1073 946 ἐν
1100 908 1155 960 τῷ
1185 905 1378 958 στρέφειν
1407 895 1492 942 ὦδε
1522 902 1595 942 κατ’

147 975 236 1014 ἐκεῖ
259 971 305 1014 τὸ
339 970 573 1027 πρόσωπον,
599 971 740 1020 ὁποῖος
768 970 1010 1024 ἐκεῖνος,ιτό
1039 969 1327 1025 περιπόνηρον.

248 1038 317 1088 “Ως
355 1040 404 1081 δὲ
441 1037 516 1093 την
550 1037 703 1093 σκηνὴν
749 1036 900 1093 ταύτην
948 1036 1243 1090 συμπήξεσθαι
1284 1032 1594 1088 τεχνασάμενος

146 1106 461 1160 ἀσφαλέστερον
509 1102 842 1158 προσεποιήσατο
890 1102 1152 1155 πλασάμενος
1196 1103 1268 1143 καί
1292 1102 1368 1142 τοῦ
1396 1100 1590 1158 ὑπερῴου

90 1181 132 1215 15
144 1171 359 1223 γενέσθαι,
410 1169 454 1212 εἴ
478 1186 564 1218 πως
592 1167 704 1211 οὕτω
739 1170 943 1225 φαντάσει
982 1168 1078 1218 τούς
1109 1167 1298 1221 πολλούς,
1328 1166 1385 1216 ὥς
1411 1167 1595 1221 ὑπερθέ-

118 1250 266 1288 ·μενος
293 1234 368 1289 τήν
397 1237 660 1289 ἐνεστηκυῖαν
689 1233 803 1289 ὥραν
833 1239 1046 1290 φευξεῖται
1077 1238 1168 1288 μετ’
1199 1233 1332 1288 αὐτὴν
1359 1233 1430 1275 καὶ
1456 1235 1590 1275 α’παλ-

144 1300 366 1356 λαγὴσεται
399 1305 476 1343 τοῦ
508 1303 854 1356 ὀχλοκοπεΐσθαι,
898 1300 935 1343 οἱ
983 1299 1151 1351 κόλακες
1199 1300 1472 1353 ὲντεινοῖμενοι
1513 1299 1592 1354 τήν

143 1367 349 1421 ἁρμονίαν
377 1370 451 1409 τοῦ
479 1369 621 1423 ξλήρου
651 1369 708 1415 εἰς
743 1364 836 1409 ὅσον
871 1370 994 1410 πλέον
1034 1367 1109 1408 οὐκ
1138 1361 1199 1422 ἦν,
1231 1368 1374 1423 φωνάς
1400 1382 1444 1408 τε
1481 1362 1589 1421 ἦραν

143 1431 217 1474 καὶ
256 1432 446 1488 φυλακὰς
493 1435 710 1475 ὲπέταττον
749 1432 821 1475 καί
848 1432 1120 1489 συν-τηρήσεις
1155 1435 1238 1475 τῶν
1267 1436 1356 1475 ἐκεῖ
1379 1432 1589 1486 διεξόδων,

87 1502 216 1549 ΩΟκαί
256 1502 527 1554 διηποροῦντο
568 1502 612 1541 τί
649 1495 699 1540 ἂν
739 1503 808 1542 καί
833 1504 1001 1554 γένοιτο.
1061 1501 1132 1542 καί
1161 1499 1182 1542 o‘
1211 1498 1469 1554 πατριάρχης
1500 1501 1589 1541 ε’πι-

145 1565 343 1616 λυόμενος
369 1567 513 1614 αυ’τοῑ’ς
550 1567 595 1607 τὸ
631 1563 787 1619 ἄπορον
809 1599 821 1620 ,
853 1566 910 1615 ὦς
938 1567 1056 1620 ἡμεῖς
1082 1569 1155 1608 καί
1182 1565 1274 1608 τότε
1305 1565 1590 1618 μανθάνοντες

144 1634 349 1684 ἐγελιὸμεν
379 1633 451 1673 καί
477 1634 550 1674 νῦν
578 1633 623 1674 δὲ
650 1632 707 1674 ἔτι
738 1635 936 1686 γελῶμεν,
965 1635 1255 1691 παρῳὸοῦντες
1286 1635 1456 1681 ἕκαστος
1487 1630 1589 1674 ἑαυ-

147 1826 338 1860 Andronici
362 1829 644 1869 assurrexissent,
671 1840 795 1863 manus
811 1835 976 1875 tanquam
991 1830 1036 1863 ad
1052 1830 1157 1863 deum
1172 1829 1447 1877 protendebant,
1466 1841 1589 1875 opem-

147 1885 216 1919 que
240 1874 480 1919 implorabant
503 1876 579 1921 pari
598 1877 764 1910 consilio.
815 1877 878 1910 ille
903 1888 986 1911 vero
1015 1889 1123 1923 quum
1149 1879 1219 1911 iam
1243 1877 1366 1910 adesse
1393 1877 1470 1917 sibi,
1493 1877 1589 1922 quod

148 1921 309 1965 petebat,
333 1921 481 1962 videret,
509 1926 606 1956 intus
636 1934 727 1968 quae
753 1925 904 1957 senserit
933 1930 970 1958 et
993 1931 1217 1970 quantopere
1252 1924 1390 1970 gavisus
1415 1926 1480 1964 sit,
1510 1925 1588 1969 quis

146 1978 220 2000 non
238 1969 465 2013 suspicetur?
489 1971 642 2015 speciem
659 1976 778 2004 tamen
798 1969 970 2004 diversam
989 1972 1174 2013 induebat,
1194 1971 1455 2017 videbaturque
1479 1972 1590 2017 ipsam

148 2015 238 2048 adeo
275 2016 382 2048 vitam
422 2027 524 2060 aegre
551 2017 664 2058 ferre,
698 2019 725 2051 si
758 2018 845 2051 talia
869 2017 1010 2052 audiret
1034 2025 1070 2052 et
1093 2019 1297 2052 incredibili
1323 2019 1460 2052 scilicet
1483 2017 1590 2052 modo

150 2068 393 2096 exerceretur:
434 2065 512 2108 quis
539 2076 625 2109 ego,
655 2065 863 2111 inquiebat,
889 2070 926 2099 et
962 2065 1139 2111 quomodo
1164 2066 1261 2100 istud
1288 2064 1442 2112 possim!
1469 2065 1591 2110 fugere

149 2109 269 2142 malim
310 2116 346 2143 et
384 2111 490 2144 vitam
518 2111 698 2157 deponere
718 2138 726 2153 ‚
763 2113 832 2145 nisi
857 2111 1027 2146 dimittar.
1087 2124 1128 2146 ac
1154 2114 1390 2159 plangebatur
1416 2118 1452 2146 et
1477 2114 1592 2146 crines

151 2156 337 2190 scindebat
360 2163 396 2190 et
421 2160 517 2191 varie
544 2171 580 2192 se
608 2159 776 2201 iactabat,
803 2159 922 2204 fugam
948 2171 985 2193 se
1035 2171 1181 2195 uaerere
1205 2161 1388 2202 simulans,
1417 2160 1480 2193 sed
1505 2171 1593 2205 gau-

151 2203 211 2236 dio
234 2203 330 2237 intus
355 2210 392 2238 et
417 2205 557 2239 laetitia
573 2208 764 2248 exsultans,
790 2206 875 2240 dum
896 2206 966 2240 huc
989 2208 1014 2241 il
1033 2219 1088 2250 uc,
1115 2218 1187 2254 qua
1210 2214 1285 2243 erat
1307 2208 1477 2249 versutia,
1504 2219 1591 2241 ocu-

151 2251 205 2283 los
230 2251 336 2284 vertit
362 2253 586 2287 execrandos.
711 2254 715 2259 ’

246 2298 367 2344 Quum
403 2306 542 2341 autem,
577 2301 845 2334 tabernaculum
879 2300 971 2334 illud
1011 2313 1082 2347 quo
1111 2303 1247 2336 firmius
1283 2303 1528 2341 constitueret,
1553 2301 1590 2334 in

152 2346 369 2389 superiorem
411 2346 551 2380 aedium
578 2354 712 2393 partem
749 2360 785 2381 se
813 2349 963 2381 evadere
994 2349 1207 2391 simulasset,
1235 2350 1263 2382 si
1293 2351 1383 2382 forte
1407 2350 1455 2381 ita
1482 2349 1588 2381 falle-

153 2396 207 2424 ret
229 2391 394 2436 plebem,
421 2395 490 2427 acsi
526 2397 781 2439 praestolatus,
817 2395 899 2428 dum
938 2396 1148 2437 effluxisset,
1175 2409 1266 2443 quae
1292 2395 1460 2436 instabat,
1487 2395 1587 2435 hora,

152 2438 283 2471 deinde
309 2442 461 2483 effugere
486 2443 596 2476 vellet
619 2444 826 2476 vexationes
851 2443 979 2488 plebis,
1011 2443 1213 2477 adulatores
1241 2443 1503 2477 vehementiore
1523 2454 1588 2475 vo-

152 2485 368 2519 ciferationis
393 2495 590 2528 concentu,
619 2497 659 2523 ut
682 2490 774 2523 nihil
807 2496 930 2535 posset
960 2502 1086 2536 supra,
1119 2491 1210 2525 vires
1249 2490 1504 2531 intendebant,
1537 2491 1588 2523 vi-

151 2532 252 2574 gilias
277 2534 512 2580 custodesque
540 2537 780 2582 disponebant
804 2539 840 2570 in
879 2537 1020 2571 aedium
1063 2539 1190 2584 portis,
1215 2545 1322 2583 atque
1348 2537 1492 2570 solliciti
1518 2538 1589 2569 sci-

150 2579 235 2612 licet
258 2582 524 2624 exspectabant,
556 2584 641 2629 quid
668 2585 822 2617 futurum
845 2590 951 2617 esset.
1002 2597 1068 2631 qua
1096 2585 1178 2618 illos
1205 2584 1414 2618 difficultate
1434 2584 1569 2630 patriar

150 2625 214 2658 cha
240 2628 404 2669 exsolvit,
431 2635 472 2662 ut
497 2641 549 2662 res
578 2637 614 2664 et
638 2637 724 2664 tunc
745 2632 851 2665 nobis
877 2632 999 2664 audita
1024 2633 1107 2665 risui
1141 2633 1250 2666 fuerit
1274 2637 1309 2664 et
1337 2631 1421 2664 risui
1451 2631 1497 2664 sit
1520 2630 1590 2664 ho-

150 2672 227 2714 «lie,
255 2675 336 2707 (lum
364 2686 484 2709 omnes
504 2676 570 2710 sibi
596 2679 762 2712 accinunt
780 2679 919 2711 ridiculi
946 2678 1066 2718 “lude‚
1094 2679 1177 2712 lude
1203 2681 1237 2712 in
1257 2680 1431 2712 miseria.''
1457 2678 1588 2724 quippe

150 2731 187 2753 se
214 2722 327 2765 ipsum
358 2723 445 2756 dixit
477 2725 662 2770 compedes
689 2727 917 2771 manicasque
946 2732 981 2759 et
1010 2727 1141 2759 collare
1168 2732 1203 2759 et
1230 2727 1297 2759 alia
1327 2725 1363 2759 id
1389 2737 1498 2771 genus
1524 2738 1588 2771 pa-
