1838 3132
223 134 287 182 84
636 122 862 195 [LEoNis
906 122 1295 195 GRAMMATici]

220 240 436 294 τυράννων
469 242 662 294 διανέστη
696 238 949 280 κατάλυσιν·
1009 238 1082 281 καί
1096 242 1341 290 ΖΡΙαξὲντιος
1367 241 1445 292 μὲν
1478 241 1521 283 ἐν
1546 238 1691 297 (Ρώμῃ

220 305 429 348 κτείνεται
471 306 541 347 ὑπ’
572 307 728 359 αὐτοῦ,
777 302 843 346 ὅτε
875 308 948 346 καί
982 304 1027 347 τό
1070 307 1147 347 τοῦ
1188 305 1380 359 σταυροῦ
1421 311 1594 361 σημεῖον
1633 308 1692 355 εἰς

220 371 472 426 συμμαχίαν
499 370 600 421 θεὸς
628 371 743 427 αύτῷ
771 373 1022 425 παρέσχετο,
1042 374 1288 423 Μαξιμῖνος
1319 372 1366 413 δὲ
1394 370 1476 413 ὑπὸ
1493 374 1692 415 Λικινίου

221 435 340 480 οὔπω
367 439 566 492 μανέντος
589 440 632 479 ἐν
661 440 713 495 τῇ
745 433 932 496 ἀνατολῇ
963 438 1163 494 ἡττηθείς
1193 435 1342 493 φεύγει
1371 439 1444 480 καί
1469 437 1579 496 νόσῳ
1610 439 1693 479 δει-

219 503 271 561 νῇ
301 506 491 561 τελευτᾷ.
569 505 815 554 Μαξεντίου
844 507 919 547 καί
950 504 1152 548 Λικινίου
1183 505 1526 560 ἀναιρεθέντων,
1557 504 1727 560 πάσηςὸ

219 567 432 625 κρατήσας
461 571 535 623 τῆς
576 568 660 610 ὑπὸ
694 569 919 623 Ῥωμαίων
951 574 1027 626 γῆς
1067 574 1389 620 Κωνσταντΐνος
1419 568 1552 613 πολλὰ
1585 567 1691 624 ὑπὲρ

218 637 524 690 Χριστιανικῆς
545 638 775 691 θρησκείας
803 637 1079 691 ἐνομοθέτησε
1109 636 1184 678 καί
1210 635 1288 691 τὴν
1316 635 1592 692 παρασκευήν
1622 636 1696 679 καί

217 700 292 756 τὴν
321 703 524 755 κυριακην
554 702 767 754 τιμᾶσθαι
805 705 1037 756 προσέταξε
1057 738 1067 758 ,
1094 702 1168 758 την
1196 705 1275 756 μὲν
1304 702 1376 745 διὰ
1402 702 1473 745 τὸν
1503 702 1694 757 σταυρὸν

216 770 294 808 τοῦ
320 769 469 822 κυρίου
506 766 581 822 την
612 770 659 810 δὲ
690 768 761 811 διὰ
791 769 867 824 τὴν
909 766 1169 822 ἀνάστασιν,
1221 772 1294 811 καί
1331 772 1506 828 σταυρῷ
1545 773 1692 826 μηκέτι

215 834 575 886 καταδικάζεσθαι
618 830 860 890 ἄνθρωπον.
933 833 1008 890 τὴν
1049 836 1096 878 δὲ
1124 838 1289 891 μητέρα
1318 838 1491 890 πέμψας
1521 838 1566 878 ἐν
1603 842 1692 886 τοῖς
1707 843 1751 877 10

215 897 351 953 ἁγίοις
381 900 532 955 τόποις,
565 901 639 942 καί
663 901 904 958 τὸνιτιζιιιον
931 901 1116 956 σταυρὸν
1145 903 1427 958 α’νευρούσης,
1457 904 1585 956 μέρος
1615 905 1693 943 τοῦ

214 966 358 1018 τιμίου
387 964 515 1015 ξύλου
546 970 619 1009 καί
642 967 741 1017 τούς
770 964 897 1021 ἥλους
925 971 983 1026 τῷ
1012 967 1093 1025 υἱῷ
1120 968 1359 1011 ἀπέστειλε·
1418 970 1493 1010 καί
1519 967 1591 1012 τὸν
1615 971 1694 1022 μὲν

214 1033 287 1073 ἕνα
318 1037 658 1090 περικεφαλαίαν
684 1036 907 1088 σωτήριον,
941 1033 1014 1077 τὸν
1041 1037 1089 1077 δὲ
1118 1034 1261 1089 ἕτερον
1294 1038 1338 1077 ἐν
1367 1038 1425 1092 τῷ
1453 1038 1529 1077 τοῦ
1559 1036 1691 1078 ἵππου

211 1100 377 1156 χαλινῷ
403 1100 702 1156 κατεκόσμησε,
731 1099 968 1156 προστάξας
996 1100 1070 1143 καί
1097 1104 1142 1144 ἐν
1172 1107 1258 1151 τοῖς
1290 1103 1425 1144 αὐτοῦ
1458 1104 1691 1155 νομίσμασι

215 1163 289 1219 την
317 1163 469 1208 τούτου
499 1166 642 1208 εἰκόνα
676 1168 750 1209 καί
779 1170 852 1209 τοῦ
881 1170 1074 1222 σταυροῦ
1100 1167 1232 1210 τύπον
1258 1166 1611 1223 ε’γχαράττεσθαι.
1706 1176 1750 1210 15

615 1291 908 1329 Κωνσταντῖνος
937 1289 956 1325 ὅ
991 1292 1111 1337 μέγας
1141 1289 1160 1325 ὃ
1186 1287 1307 1336 ἅγιος.

329 1386 650 1433 Κωνσταντῖνος
691 1382 711 1424 ὅ
742 1387 876 1439 μέγας
908 1387 982 1426 καί
1009 1387 1175 1440 πρῶτος
1204 1383 1614 1439 χριστιανικοότατος
1646 1387 1693 1429 ἐν

213 1448 460 1501 βασιλεῦσιν
489 1452 763 1503 ἐβασίλευσεν
791 1449 864 1506 ἔτη
894 1451 976 1505 λγ’,
1012 1451 1143 1506 ζήσας
1174 1449 1244 1507 ἔτη
1276 1451 1343 1503 ξδ’.
1401 1454 1446 1494 ἐν
1468 1450 1613 1510 Ῥώμῃ
1644 1454 1695 1495 δὲ

213 1513 295 1557 ὑπὸ
330 1518 588 1570 Σιλβέστρου
629 1519 881 1570 βαπτισθείς
919 1518 1181 1573 Χριστιανὸς
1219 1520 1384 1574 γέγονε·
1455 1518 1607 1567 δεδιώς
1643 1520 1691 1561 δὲ

213 1581 293 1637 την
315 1580 548 1638 σύγκλητον
575 1582 742 1639 Ῥώμης
774 1583 846 1625 διὰ
877 1582 921 1625 τὸ
951 1585 1011 1633 εἰς
1043 1584 1235 1638 Χριστὸν
1265 1586 1508 1638 πιστεῦσαι,
1539 1585 1690 1640 ἐξῆλθε
1703 1598 1750 1634 20

215 1648 346 1702 δῆθεν
388 1648 460 1691 ἐπὶ
499 1647 573 1691 τὸν
613 1651 697 1691 τῶν
723 1652 904 1691 Σκυθῶν
934 1647 1126 1703 πόλεμον.
1186 1651 1382 1693 Λικίνιον
1423 1652 1471 1693 δὲ
1496 1650 1693 1705 γαμβρὸν

217 1712 280 1756 ἐπ’
324 1714 493 1773 α’δελφῇ
537 1714 815 1770 ποιησάμενος
858 1717 1038 1769 βασιλέα
1083 1719 1321 1772 κατέστησε.
1381 1717 1692 1774 προσφυγόντες

219 1895 330 1938 igitur
359 1893 503 1928 divinus
532 1893 577 1927 ad
602 1894 806 1939 perdendos
834 1899 1006 1938 tyrannos
1038 1895 1205 1928 surrexit.
1256 1895 1463 1928 Maxentius
1488 1897 1620 1929 Romae
1644 1896 1690 1930 ab

219 1952 262 1974 eo
288 1942 424 1975 occisus
451 1947 525 1982 est,
559 1953 670 1987 quum
696 1942 809 1974 crucis
837 1942 979 1985 signum
1006 1942 1143 1976 auxilio
1171 1943 1205 1975 ei
1240 1941 1329 1975 deus
1356 1941 1534 1985 dedisset;
1569 1943 1689 1976 Maxi-

218 1989 340 2023 minus
366 2001 386 2022 a
416 1989 554 2022 Licinio
582 1987 742 2022 noudum
772 1989 978 2022 insaniente
1018 1990 1057 2022 in
1082 1989 1235 2022 Oriente
1260 1990 1376 2023 victus
1403 1994 1459 2022 est
1484 1994 1521 2022 et
1546 1989 1690 2034 fugiens

219 2037 314 2081 gravi
339 2036 466 2069 morbo
497 2041 744 2081 consumptus.
773 2036 975 2069 interfectis
994 2036 1178 2070 Maxentio
1208 2042 1245 2069 et
1269 2036 1411 2069 Licinio
1431 2035 1689 2070 Constantinus

217 2089 297 2117 toto
321 2084 473 2128 imperio
512 2084 751 2116 Romanorum
786 2083 925 2127 potitus
962 2084 1076 2117 multa
1117 2084 1154 2116 in
1183 2083 1285 2116 cultu
1319 2083 1523 2116 Christiano
1552 2084 1710 2117 consti->

217 2131 312 2174 tuit;
336 2130 432 2163 diem
457 2131 599 2163 veneris
621 2135 657 2163 et
681 2130 767 2163 solis
788 2135 927 2163 sanctas
955 2130 1080 2163 haberi
1109 2130 1224 2170 iussit,
1251 2130 1354 2162 illum
1380 2134 1528 2174 propter
1554 2131 1689 2165 Christi

217 2189 382 2217 crucem,
411 2177 508 2210 hunc
534 2182 683 2222 propter
712 2178 1029 2220 resurrectionem3
1067 2178 1183 2210 vetuit
1217 2182 1400 2222 praeterea
1427 2187 1531 2211 cruce
1558 2189 1690 2223 quem-

218 2236 322 2270 quam
350 2224 515 2258 interfici.
566 2229 717 2257 matrem
743 2225 780 2257 in
807 2230 965 2258 sanctam
982 2223 1111 2258 terram
1137 2224 1245 2258 misit.
1296 2235 1392 2269 quae
1418 2235 1498 2256 cum
1525 2224 1577 2258 ibi
1603 2237 1688 2259 san-

217 2278 307 2305 ctam
325 2283 464 2305 crucem
485 2271 693 2311 invenisset,
720 2276 859 2316 partem
885 2272 963 2305 eius
990 2271 1077 2314 ligni
1099 2276 1136 2304 et
1159 2271 1277 2304 clavos
1294 2272 1370 2304 filio
1396 2271 1504 2311 misit,
1533 2284 1689 2318 quorum

217 2320 332 2353 altero
358 2320 565 2363 calyptram‚
595 2318 711 2351 altero
731 2319 816 2363 equi
846 2319 947 2351 frena
975 2319 1129 2351 ornavit.
1179 2318 1283 2352 iussit
1307 2324 1494 2363 praeterea
1518 2319 1556 2352 in
1580 2331 1688 2353 num-

218 2367 283 2400 mis
315 2367 387 2400 suis
414 2367 490 2399 eius
522 2366 711 2410 imaginem
740 2377 956 2412 crucemque
987 2366 1084 2410 fingi.

731 2461 1000 2495 Cousuurmus
1026 2470 1176 2495 MAGNUS.

329 2554 588 2587 Constantinus
613 2564 784 2596 magnus,
819 2554 956 2598 primus
983 2565 1026 2586 ex
1055 2551 1333 2598 imperatoribus
1357 2563 1439 2585 vere
1468 2551 1686 2586 christianus

217 2599 263 2632 33
291 2611 403 2633 annos
435 2602 604 2644 regnavit.
671 2602 804 2634 Romae
833 2612 852 2633 a
878 2601 1051 2635 Silvestro
1089 2600 1291 2644 baptizatus
1318 2598 1542 2632 Christianus
1572 2599 1685 2632 factus

219 2653 282 2679 est.
333 2654 497 2681 metuens
525 2653 644 2682 autem
672 2653 848 2688 senatum,
875 2647 975 2693 quod
992 2647 1233 2681 Christianam
1257 2645 1366 2679 fidem
1394 2647 1582 2691 amplexus
1608 2652 1684 2680 erat

217 2693 261 2726 ad
290 2694 497 2737 Scytharum
536 2696 674 2729 bellum
712 2696 895 2741 profectus
927 2699 992 2728 est.
1046 2694 1187 2728 Licinio
1224 2704 1381 2728 sororem
1417 2705 1516 2727 suam
1543 2693 1581 2727 in
1606 2704 1686 2726 ma·-
