1838 3132
298 151 370 191 DF,
394 146 798 190 THESSALONICA
824 147 861 187 A
887 146 1094 187 LATlNlS
1120 144 1309 186 CAPTA.
1428 138 1524 188 469

88 250 171 290 τῶν
191 249 367 302 χειλέων
413 246 593 302 οἶκερδὴς
630 249 675 288 ἐκ
704 248 780 288 τοῦ
817 243 1084 301 μυροβλύτου
1115 243 1381 297 α’πεκβαίνειν
1407 246 1457 287 τά
1487 262 1530 288 τε

89 315 150 364 εἰς
175 313 335 371 τροφὴν
361 316 434 356 καί
459 313 584 355 λοιπά
613 314 660 354 δέ
686 327 794 354 τινα.

199 378 294 422 Καὶ
320 380 451 423 ταῦτα
471 379 549 431 μὲν
567 377 668 433 ἡμῖν
697 376 1028 430 παρεκβεβάσθω
1055 378 1305 431 συμμέτρως
1335 377 1408 417 καί
1434 376 1533 416 ου’δέ

91 443 202 487 πάνυ
242 443 322 496 ἔξω
361 446 439 486 τοῦ
483 446 674 492 δέοντος·
744 440 858 484 οἶδὲ
899 439 1106 496 βάρβαροι
1147 441 1435 496 πληρώσαντες
1459 439 1533 495 τὴν

57 509 212 556 5πόλιν
238 506 361 566 ὅλην,
403 512 447 561 ε”ξ
479 510 620 552 αὐτῶν
660 510 744 551 τῶν
773 505 886 566 ἑῴων
915 509 1056 549 πυλῶν
1086 507 1323 561 ἀρξάμενοι,
1346 507 1538 561 ἐθέριζον

92 576 192 626 τούς
229 579 327 618 καθ’
354 575 485 631 ἡμᾶς,
512 577 585 617 καί
630 573 768 629 συχνοὶ
800 576 934 616 ταῦτα
972 573 1192 627 δράγματα
1221 572 1428 626 ῥίπτοντες
1455 589 1538 614 σω-

93 642 195 697 ροὺς
224 643 488 694 ἔστοίβαζον,
518 643 561 692 ἐξ
583 635 647 683 ὧν
666 638 813 696 τἈιδης
838 643 959 696 φιλεῖ
980 639 1232 690 σιτούμενος.
1291 639 1364 680 καί
1391 636 1430 679 οἱ
1460 640 1539 691 μὲν

93 708 164 749 ε’πί
197 709 279 750 τῶν
320 705 526 763 οἷμφόδιον
566 705 786 762 φεύγοντες
818 704 988 747 ἔπιπτον
1025 706 1124 759 περὶ
1151 702 1311 757 av‘ta'g,
1347 706 1422 746 καί
1447 700 1538 757 ἅμα

93 774 348 827 ἑγυμνοῦντο
387 773 708 825 σκυλευόμενοι·
782 773 856 813 καὶ
897 768 1032 819 οὕτως
1061 767 1105 811 αἱ
1131 770 1278 823 α’γυιαὶ
1304 771 1364 818 εἷς
1393 769 1535 824 οἰκτροὶ

39 849 81 884 10
94 838 381 904 ἐσχεδιάζοντο
412 836 687 891 πολυάνδρια,
720 837 837 892 ἡλίου
865 837 1102 893 ἐφορῶντος
1131 834 1160 876 ἃ
1186 834 1243 889 μή
1278 834 1465 889 ἔπρεπεν.
1499 833 1538 877 οἶ

89 906 141 946 δὲ
173 905 219 946 ἐν
248 909 340 954 ταῖς
372 905 520 953 οἰκίαις
549 906 782 959 παρέμενον
814 904 962 953 αὐταῖς
988 905 1048 952 εἰς
1077 902 1362 952 α’διεξόδευτον
1382 919 1393 931 ·
1469 901 1542 943 καὶ

93 969 171 1011 οὔκ
201 965 253 1024 ἦν
276 969 475 1024 εὑρέσθαι
508 972 640 1012 οἰκίαν
671 969 722 1024 ἢν
751 970 875 1011 οἰκῶν
903 965 1127 1023 ἄνθρωπος
1168 966 1346 1023 ἠλεήθη,
1369 967 1474 1023 πλὴν
1503 970 1542 1010 εἰ

91 1034 150 1090 μὴ
186 1031 272 1091 ἄρα
299 1037 459 1090 πλῆθος
485 1032 596 1089 εἶχεν
626 1035 647 1077 ὅ
675 1031 795 1084 οἶκος.
851 1036 1011 1077 ἐκείνου
1039 1034 1118 1088 γὰρ
1145 1033 1184 1076 οἶ
1209 1037 1288 1086 μέν
1312 1049 1420 1082 τινες
1446 1031 1542 1074 ἔπι-

93 1116 196 1143 πτον
225 1099 334 1154 ἔσω,
376 1096 438 1150 οἷς
473 1101 544 1142 καί
571 1097 678 1156 ἦσαν
707 1100 751 1143 αἱ
781 1102 907 1143 οἰκίαι
952 1099 1091 1142 αύτῶν
1120 1097 1246 1155 τάφοι
1277 1100 1430 1154 αὐτῶν,
1463 1116 1543 1140 πα-

39 1171 82 1206 15
96 1170 289 1222 ραθεῑναι
322 1164 369 1208 τὸ
401 1166 690 1219 ψαλλόμενον·
755 1165 794 1208 οἱ
824 1168 870 1208 δὲ
914 1168 1207 1219 διεκχυθέντες
1241 1167 1300 1214 εἰς
1330 1165 1469 1220 φυγήν
1494 1164 1543 1221 τῇ

92 1235 172 1275 τοῦ
201 1233 382 1285 πολέμου
411 1229 519 1289 τύχῃ
539 1231 792 1274 έπεδίδοντο.
848 1230 922 1273 καί
939 1234 1039 1281 τέως
1060 1233 1138 1284 μὲν
1166 1229 1298 1272 ἁπλοῖ
1319 1229 1473 1273 ἔκειντο
1503 1229 1542 1272 οἱ

95 1296 364 1353 ῥιπτόμενοι·
419 1297 571 1352 μικρὸν
618 1299 663 1340 δὲ
691 1293 790 1339 ὅσον
817 1300 898 1340 τῶν
941 1297 1150 1350 πολεμίων
1189 1293 1429 1352 ῥαισάντων
1468 1298 1543 1350 τῆς

95 1360 204 1418 ἄγαν
245 1365 505 1419 ἐντρεχειάς,
542 1363 615 1404 καί
640 1361 957 1414 ὕποπαιζὸντων
1001 1361 1241 1416 πικρότερον
1271 1360 1375 1403 κατὰ
1404 1365 1542 1416 γαίας,

96 1427 121 1471 ὃ
153 1428 204 1483 δὴ
233 1430 408 1485 λέγεται,
447 1430 615 1484 κωφῆς,
662 1431 735 1471 καί
758 1425 921 1483 ἑτεροῖα
968 1434 1190 1484 νεκριμαῖα
1221 1428 1443 1480 ἐπέκειντο,
1473 1432 1545 1469 καί

38 1493 117 1539 2οὅ
147 1498 225 1548 μέν
254 1511 317 1543 τις
345 1493 489 1549 νεκρὸς
517 1492 741 1549 ἄνθρωπος
777 1489 860 1552 ὄνῳ
889 1497 1063 1552 κειμένῳ
1092 1492 1380 1547 συνεδυάζετο,
1407 1497 1544 1546 ἕτερος

95 1562 144 1603 δὲ
172 1560 277 1603 κύνα
309 1558 395 1615 εἶχε
424 1559 829 1616 συμπαρακεᾴιενον.’
897 1560 968 1602 καί
993 1559 1151 1602 τούτων
1179 1559 1231 1601 τοὶ
1262 1561 1391 1600 πλείω
1419 1574 1545 1600 κατα-

95 1629 357 1680 πεπαιγμὲνα
384 1622 492 1682 ἦσαν
524 1624 582 1674 ὥς
611 1627 669 1675 εἰς
700 1625 891 1667 διάθεσιν
933 1627 1173 1679 συμπλοκῆς
1203 1625 1274 1666 καὶ
1300 1625 1547 1680 φιλήματος.

98 1687 220 1741 ἄλλος
247 1691 353 1745 ὁμοῦ
393 1688 445 1747 ἦν
473 1683 656 1749 αἰλούρῳ
695 1694 948 1749 κατοικιδίῳ.
1019 1692 1118 1732 ου’δὲ
1157 1690 1357 1734 τοιούτων
1387 1692 1467 1745 γὰρ
1499 1691 1542 1733 τὸ

98 1880 218 1913 dinem
259 1878 388 1922 ingrati
412 1877 548 1914 animi,
573 1882 611 1909 ut
636 1876 755 1909 dicere
786 1876 926 1915 audeat,
953 1877 1097 1909 inanem
1122 1887 1158 1910 se
1191 1875 1234 1909 ab
1265 1886 1308 1908 eo
1332 1881 1455 1908 sancto
1490 1875 1546 1908 di-

99 1926 246 1960 scedere
270 1926 343 1959 sive
367 1925 499 1958 victum
535 1923 609 1957 sive
634 1934 687 1956 res
716 1924 804 1956 alias
834 1924 1019 1967 rogaverit.

194 1972 290 2005 Haec
313 1973 363 2004 ita
399 1982 419 2003 a
444 1971 546 2004 nobis
583 1970 744 2004 modeste
774 1970 936 2015 profecto
976 1981 1043 2003 nec
1067 1975 1209 2015 praeter
1238 1980 1309 2002 rem
1335 1968 1546 2012 interposita

101 2025 220 2054 sunto.
268 2018 412 2052 barbari
436 2024 556 2051 autem
584 2022 696 2051 totam
724 2016 848 2049 urbem
875 2016 1088 2061 implebant,
1115 2027 1133 2049 a
1161 2022 1264 2062 porta
1293 2015 1459 2048 orientali
1485 2027 1547 2048 ex-

101 2068 184 2108 orsi,
210 2065 466 2111 metebantque
492 2064 599 2105 cives,
621 2069 657 2097 et
681 2074 822 2108 acervos
857 2064 1086 2097 cumulabant
1112 2064 1245 2096 crebris
1270 2062 1441 2095 iaciendis
1471 2074 1548 2095 ma-

101 2113 260 2160 nipulis,
297 2111 429 2159 quibus
460 2112 572 2144 Orcus
612 2111 742 2156 repleri
779 2111 910 2154 cupit.v
952 2111 1016 2156 qui
1052 2121 1117 2155 per
1146 2111 1240 2144 vicos
1266 2109 1462 2153 fugiebant,
1487 2120 1547 2142 oc·

102 2160 316 2194 cidebantur
339 2160 378 2192 in
402 2159 458 2199 iis,
484 2159 664 2202 rimulque
693 2158 839 2204 spoliati
862 2155 950 2190 nudi
986 2157 1161 2197 iacebant,
1190 2163 1231 2190 ut
1252 2157 1332 2190 viae
1359 2156 1477 2189 subito
1509 2157 1547 2189 in

103 2208 222 2242 tristia
250 2206 436 2239 hominum
468 2205 609 2239 comitia
635 2210 870 2245 mutarentur,
896 2203 1116 2249 adspiciente
1143 2205 1239 2243 sole,
1265 2214 1356 2249 quae
1382 2214 1454 2236 non
1481 2202 1548 2235 de-

103 2253 247 2297 buerat3
268 2252 330 2299 qui
352 2257 474 2286 autem
498 2253 535 2286 in
558 2250 710 2285 aedibus
736 2256 850 2292 erant,
874 2251 1111 2285 remanebant
1135 2251 1173 2284 in
1192 2251 1236 2284 iis
1254 2252 1336 2294 fuga
1362 2250 1548 2295 praeclusi,

104 2312 172 2336 nec
195 2305 273 2334 erat
295 2299 434 2340 domus,
461 2300 560 2333 cuius
586 2299 727 2332 incolae
750 2303 971 2344 parceretur„
990 2299 1058 2331 nisi
1085 2309 1249 2342 magnum
1274 2308 1443 2330 numerus
1471 2308 1547 2329 eam

105 2353 257 2382 teneret.
320 2347 381 2379 alii
422 2347 518 2379 enim
549 2347 642 2379 intra
682 2346 835 2391 parietes
870 2345 1059 2390 peribant,
1088 2345 1220 2391 quibus
1248 2343 1393 2389 quidem
1422 2343 1549 2377 domus

105 2406 171 2440 pro
198 2393 361 2439 sepulcro
391 2398 477 2434 erat,
502 2397 542 2426 ut
563 2393 682 2426 verbis
708 2392 911 2438 psalmistae
945 2397 1044 2434 utar3
1072 2392 1146 2433 alii,
1176 2392 1238 2437 qui
1264 2391 1350 2424 foris
1383 2391 1465 2435 fuga
1492 2401 1548 2423 sa-

107 2442 219 2475 lutem
254 2438 477 2487 quaerebant
494 2464 503 2479 ,
528 2438 694 2473 fortunae
736 2439 825 2472 belli
854 2437 1042 2472 dabantur.
1103 2444 1140 2473 et
1160 2437 1380 2483 aliquamdiu
1406 2436 1550 2482 quidem

108 2488 271 2522 homines
297 2486 404 2520 occisi
429 2487 559 2532 passim
583 2487 771 2528 iacebant3
805 2485 867 2518 sed
892 2496 993 2526 mox,
1018 2497 1126 2531 quum
1150 2485 1269 2519 hostes
1304 2484 1348 2516 ab
1375 2484 1552 2517 incursio·

107 2535 164 2570 nis
191 2535 326 2580 impetu
356 2533 593 2573 remisissent,
621 2539 659 2567 et
683 2532 896 2567 insolentius
930 2538 1064 2576 terrae,
1087 2539 1127 2566 ut
1151 2533 1263 2572 aiunt,
1288 2537 1404 2564 mutae
1439 2531 1553 2564 insul-

107 2587 251 2622 tarent,
286 2585 363 2614 tum
389 2580 527 2626 reliqua
554 2581 701 2614 mortuis
724 2579 892 2613 cadavera
931 2579 1208 2619 inficiebantur,
1235 2584 1308 2611 tum
1327 2578 1418 2610 alius
1445 2577 1551 2610 homo

109 2629 244 2662 occisus
269 2639 349 2661 cum
374 2626 546 2660 cadavere
569 2627 658 2660 asini
679 2626 930 2672 copulabatur,
954 2627 1044 2660 alius
1069 2638 1191 2660 canem
1213 2626 1345 2658 socium
1373 2624 1552 2658 habebat:

110 2680 147 2709 et
170 2686 211 2708 ea
241 2673 386 2720 quidem
418 2673 591 2719 pleraque
616 2685 678 2718 per
702 2673 898 2713 ludibrium
924 2674 1025 2718 quasi
1050 2673 1094 2706 ad
1121 2672 1323 2718 amplexum
1350 2671 1407 2705 vel
1432 2672 1552 2707 oscula

109 2722 305 2768 composita
331 2726 452 2755 erantz
484 2720 574 2754 alius
605 2732 722 2755 rursus
748 2732 826 2753 cum
861 2720 932 2753 fele
961 2719 1175 2754 domestica:
1213 2730 1295 2752 nam
1320 2729 1364 2753 ne
1390 2719 1443 2752 his
1472 2719 1553 2764 qui-
