<?xml version="1.0" encoding="UTF-8"?>
<!DOCTYPE html PUBLIC "-//W3C//DTD XHTML 1.0 Transitional//EN"
    "http://www.w3.org/TR/xhtml1/DTD/xhtml1-transitional.dtd">
<html xmlns="http://www.w3.org/1999/xhtml" xml:lang="en" lang="en">
 <head>
  <title>
</title>
<meta http-equiv="Content-Type" content="text/html;charset=utf-8" />
  <meta name='ocr-system' content='tesseract 3.04.00' />
  <meta name='ocr-capabilities' content='ocr_page ocr_carea ocr_par ocr_line ocrx_word'/>
</head>
<body>
  <div class='ocr_page' id='page_1' title='image "./corpusscriptorum34niebuoft/corpusscriptorum34niebuoft_0317.png"; bbox 0 0 1838 3132; ppageno 0'>
   <div class='ocr_carea' id='block_1_1' title="bbox 588 116 1553 168">
    <p class='ocr_par' dir='ltr' id='par_1_1' title="bbox 588 116 1553 168">
     <span class='ocr_line' id='line_1_1' title="bbox 588 116 1553 168; baseline 0.008 -9"><span class='ocrx_word' id='word_1_1' title='bbox 588 116 1080 162; x_wconf 78' lang='lat' dir='ltr'>CHRONOGRAPHIA.</span> <span class='ocrx_word' id='word_1_2' title='bbox 1457 119 1553 168; x_wconf 85' lang='lat'><strong>305</strong></span> 
     </span>
    </p>
   </div>
   <div class='ocr_carea' id='block_1_2' title="bbox 37 211 1638 1664">
    <p class='ocr_par' dir='ltr' id='par_1_2' title="bbox 73 211 1638 734">
     <span class='ocr_line' id='line_1_2' title="bbox 108 211 1638 276; baseline 0.007 -22"><span class='ocrx_word' id='word_1_3' title='bbox 108 211 299 256; x_wconf 72' lang='grc' dir='ltr'><strong><em>ἁπάντων</em></strong></span> <span class='ocrx_word' id='word_1_4' title='bbox 337 216 434 268; x_wconf 71' lang='grc' dir='ltr'><strong>μεθ’</strong></span> <span class='ocrx_word' id='word_1_5' title='bbox 474 211 613 259; x_wconf 72' lang='grc' dir='ltr'><strong><em>ὅπλων</em></strong></span> <span class='ocrx_word' id='word_1_6' title='bbox 657 218 803 260; x_wconf 79' lang='grc' dir='ltr'><strong><em>ἐκεῖσε.</em></strong></span> <span class='ocrx_word' id='word_1_7' title='bbox 867 221 945 262; x_wconf 81' lang='grc' dir='ltr'><strong><em>τοῦ</em></strong></span> <span class='ocrx_word' id='word_1_8' title='bbox 979 218 1212 273; x_wconf 75' lang='grc' dir='ltr'><strong><em>ἇδνουμίου</em></strong></span> <span class='ocrx_word' id='word_1_9' title='bbox 1251 221 1298 262; x_wconf 80' lang='grc' dir='ltr'><strong>δὲ</strong></span> <span class='ocrx_word' id='word_1_10' title='bbox 1336 223 1638 276; x_wconf 70' lang='grc' dir='ltr'><strong><em>γενομένου104</em></strong></span> 
     </span>
     <span class='ocr_line' id='line_1_3' title="bbox 109 279 1593 345; baseline 0.005 -25"><span class='ocrx_word' id='word_1_11' title='bbox 109 279 322 334; x_wconf 71' lang='grc' dir='ltr'><strong><em>αἰφνίδιον</em></strong></span> <span class='ocrx_word' id='word_1_12' title='bbox 356 281 574 336; x_wconf 77' lang='grc' dir='ltr'><strong><em>Ῥωμανός</em></strong></span> <span class='ocrx_word' id='word_1_13' title='bbox 613 282 686 324; x_wconf 80' lang='grc' dir='ltr'><em>καί</em></span> <span class='ocrx_word' id='word_1_14' title='bbox 723 285 1039 334; x_wconf 79' lang='grc' dir='ltr'><strong><em>Κωνστανιῖνος</em></strong></span> <span class='ocrx_word' id='word_1_15' title='bbox 1083 284 1206 340; x_wconf 78' lang='grc' dir='ltr'><strong><em>τάχει</em></strong></span> <span class='ocrx_word' id='word_1_16' title='bbox 1245 289 1385 345; x_wconf 69' lang='grc' dir='ltr'><strong><em>πολλῷ·</em></strong></span> <span class='ocrx_word' id='word_1_17' title='bbox 1420 289 1481 337; x_wconf 78' lang='grc' dir='ltr'><strong>εἰς</strong></span> <span class='ocrx_word' id='word_1_18' title='bbox 1507 288 1593 330; x_wconf 81' lang='grc' dir='ltr'><strong>τὸΒ</strong></span> 
     </span>
     <span class='ocr_line' id='line_1_4' title="bbox 106 344 1557 410; baseline 0.006 -24"><span class='ocrx_word' id='word_1_19' title='bbox 106 344 308 388; x_wconf 79' lang='grc' dir='ltr'><strong><em>παλᾰτιον</em></strong></span> <span class='ocrx_word' id='word_1_20' title='bbox 339 347 698 404; x_wconf 75' lang='grc' dir='ltr'><strong><em>ὑποστρέφουσιν·</em></strong></span> <span class='ocrx_word' id='word_1_21' title='bbox 728 347 915 405; x_wconf 73' lang='grc' dir='ltr'><strong><em>ἐμηνύθη</em></strong></span> <span class='ocrx_word' id='word_1_22' title='bbox 940 351 1020 405; x_wconf 78' lang='grc' dir='ltr'><strong>γάρ</strong></span> <span class='ocrx_word' id='word_1_23' title='bbox 1042 351 1155 407; x_wconf 74' lang='grc' dir='ltr'>παρά</span> <span class='ocrx_word' id='word_1_24' title='bbox 1175 354 1359 404; x_wconf 81' lang='grc' dir='ltr'><strong><em>Λέοντος</em></strong></span> <span class='ocrx_word' id='word_1_25' title='bbox 1390 354 1557 410; x_wconf 70' lang='grc' dir='ltr'><strong><em>ἀνθρώ-</em></strong></span> 
     </span>
     <span class='ocr_line' id='line_1_5' title="bbox 106 412 1556 475; baseline 0.006 -23"><span class='ocrx_word' id='word_1_26' title='bbox 106 426 188 452; x_wconf 84' lang='grc' dir='ltr'><strong><em>που</em></strong></span> <span class='ocrx_word' id='word_1_27' title='bbox 213 414 292 453; x_wconf 71' lang='grc' dir='ltr'><strong><em>τοῦ</em></strong></span> <span class='ocrx_word' id='word_1_28' title='bbox 314 412 531 468; x_wconf 82' lang='grc' dir='ltr'><strong><em>Ἀρσενιόυ</em></strong></span> <span class='ocrx_word' id='word_1_29' title='bbox 562 412 587 469; x_wconf 83' lang='grc' dir='ltr'><em>ἦ</em></span> <span class='ocrx_word' id='word_1_30' title='bbox 617 416 749 456; x_wconf 81' lang='grc' dir='ltr'><strong><em>αυ’τοῢ</em></strong></span> <span class='ocrx_word' id='word_1_31' title='bbox 766 417 841 457; x_wconf 80' lang='grc' dir='ltr'><strong><em>τοῦ</em></strong></span> <span class='ocrx_word' id='word_1_32' title='bbox 870 418 1083 471; x_wconf 76' lang='grc' dir='ltr'><strong><em>Ἁρσενιόυ</em></strong></span> <span class='ocrx_word' id='word_1_33' title='bbox 1114 420 1314 475; x_wconf 76' lang='grc' dir='ltr'><strong><em>ἐπιβουλὴ</em></strong></span> <span class='ocrx_word' id='word_1_34' title='bbox 1341 420 1413 462; x_wconf 82' lang='grc' dir='ltr'><strong><em>καί</em></strong></span> <span class='ocrx_word' id='word_1_35' title='bbox 1426 419 1556 463; x_wconf 86' lang='grc' dir='ltr'><em>Παύ-</em></span> 
     </span>
     <span class='ocr_line' id='line_1_6' title="bbox 73 480 1555 542; baseline 0.007 -24"><span class='ocrx_word' id='word_1_36' title='bbox 73 480 181 519; x_wconf 81' lang='grc' dir='ltr'><strong><em>5λου</em></strong></span> <span class='ocrx_word' id='word_1_37' title='bbox 208 482 524 533; x_wconf 78' lang='grc' dir='ltr'><strong><em>μαγγλαβιτῶν·</em></strong></span> <span class='ocrx_word' id='word_1_38' title='bbox 582 480 626 523; x_wconf 83' lang='grc' dir='ltr'><strong><em>οἳ</em></strong></span> <span class='ocrx_word' id='word_1_39' title='bbox 649 482 881 536; x_wconf 72' lang='grc' dir='ltr'><strong><em>τυφθέντες</em></strong></span> <span class='ocrx_word' id='word_1_40' title='bbox 909 485 981 525; x_wconf 78' lang='grc' dir='ltr'>καί</span> <span class='ocrx_word' id='word_1_41' title='bbox 1008 483 1296 540; x_wconf 73' lang='grc' dir='ltr'><strong><em>δημευθήντες</em></strong></span> <span class='ocrx_word' id='word_1_42' title='bbox 1322 487 1555 542; x_wconf 74' lang='grc' dir='ltr'><strong><em>ἐξωρίσθη-</em></strong></span> 
     </span>
     <span class='ocr_line' id='line_1_7' title="bbox 104 539 1560 606; baseline 0.007 -22"><span class='ocrx_word' id='word_1_43' title='bbox 104 559 198 590; x_wconf 81' lang='grc' dir='ltr'><strong><em>σαν.</em></strong></span> <span class='ocrx_word' id='word_1_44' title='bbox 255 539 306 599; x_wconf 81' lang='grc' dir='ltr'><strong>ἧν</strong></span> <span class='ocrx_word' id='word_1_45' title='bbox 341 542 436 587; x_wconf 84' lang='grc' dir='ltr'><strong><em>τότε</em></strong></span> <span class='ocrx_word' id='word_1_46' title='bbox 466 545 851 601; x_wconf 76' lang='grc' dir='ltr'><strong><em>παραδυναστεύων</em></strong></span> <span class='ocrx_word' id='word_1_47' title='bbox 895 548 1086 605; x_wconf 78' lang='grc' dir='ltr'><em>Ἰωάννης</em></span> <span class='ocrx_word' id='word_1_48' title='bbox 1115 550 1136 591; x_wconf 82' lang='grc' dir='ltr'>ὅ</span> <span class='ocrx_word' id='word_1_49' title='bbox 1180 551 1461 606; x_wconf 77' lang='grc' dir='ltr'><strong><em>πρεσβύτερος</em></strong></span> <span class='ocrx_word' id='word_1_50' title='bbox 1486 555 1560 594; x_wconf 79' lang='grc' dir='ltr'><em>καί</em></span> 
     </span>
     <span class='ocr_line' id='line_1_8' title="bbox 104 607 1636 674; baseline 0.006 -24"><span class='ocrx_word' id='word_1_51' title='bbox 104 609 302 664; x_wconf 74' lang='grc' dir='ltr'><strong><em>ῥαίκτωρ,</em></strong></span> <span class='ocrx_word' id='word_1_52' title='bbox 335 607 382 659; x_wconf 78' lang='grc' dir='ltr'><strong>ὃς</strong></span> <span class='ocrx_word' id='word_1_53' title='bbox 410 614 578 654; x_wconf 80' lang='grc' dir='ltr'><em>Λέοντα</em></span> <span class='ocrx_word' id='word_1_54' title='bbox 610 611 683 654; x_wconf 87' lang='grc' dir='ltr'><strong>τὸν</strong></span> <span class='ocrx_word' id='word_1_55' title='bbox 709 615 787 654; x_wconf 80' lang='grc' dir='ltr'><strong><em>τοῦ</em></strong></span> <span class='ocrx_word' id='word_1_56' title='bbox 826 614 1045 669; x_wconf 75' lang='grc' dir='ltr'><strong>Ἀρμενίου</strong></span> <span class='ocrx_word' id='word_1_57' title='bbox 1072 619 1264 672; x_wconf 76' lang='grc' dir='ltr'><strong><em>ἐποίησεν</em></strong></span> <span class='ocrx_word' id='word_1_58' title='bbox 1295 614 1555 674; x_wconf 71' lang='grc' dir='ltr'><strong><em>ἐβδομάριον,</em></strong></span> <span class='ocrx_word' id='word_1_59' title='bbox 1570 624 1636 659; x_wconf 86' lang='grc'><strong>105</strong></span> 
     </span>
     <span class='ocr_line' id='line_1_9' title="bbox 102 676 896 734; baseline 0.009 -18"><span class='ocrx_word' id='word_1_60' title='bbox 102 676 161 732; x_wconf 73' lang='grc' dir='ltr'><strong>τῷ</strong></span> <span class='ocrx_word' id='word_1_61' title='bbox 186 679 360 728; x_wconf 82' lang='grc' dir='ltr'><strong><em>βασιλεῖ’</em></strong></span> <span class='ocrx_word' id='word_1_62' title='bbox 381 679 527 719; x_wconf 80' lang='grc' dir='ltr'><strong><em>τοῦτον</em></strong></span> <span class='ocrx_word' id='word_1_63' title='bbox 557 680 896 734; x_wconf 77' lang='grc' dir='ltr'><strong><em>προσοικειώσας.</em></strong></span> 
     </span>
    </p>

    <p class='ocr_par' dir='ltr' id='par_1_3' title="bbox 49 742 1634 1069">
     <span class='ocr_line' id='line_1_10' title="bbox 215 742 1553 806; baseline 0.007 -22"><span class='ocrx_word' id='word_1_64' title='bbox 215 743 307 784; x_wconf 57' lang='lat' dir='ltr'><strong>Tau</strong></span> <span class='ocrx_word' id='word_1_65' title='bbox 331 742 378 784; x_wconf 79' lang='grc' dir='ltr'><strong>δὲ</strong></span> <span class='ocrx_word' id='word_1_66' title='bbox 406 743 665 799; x_wconf 80' lang='grc' dir='ltr'><strong><em>Βουλγοίρων</em></strong></span> <span class='ocrx_word' id='word_1_67' title='bbox 690 746 816 788; x_wconf 81' lang='grc' dir='ltr'><strong><em>πάλιν</em></strong></span> <span class='ocrx_word' id='word_1_68' title='bbox 842 746 1127 798; x_wconf 75' lang='grc' dir='ltr'><strong><em>ἐξελασάντων</em></strong></span> <span class='ocrx_word' id='word_1_69' title='bbox 1161 751 1294 805; x_wconf 82' lang='grc' dir='ltr'><strong><em>μέχρι</em></strong></span> <span class='ocrx_word' id='word_1_70' title='bbox 1322 751 1553 806; x_wconf 78' lang='grc' dir='ltr'><strong><em>Κατασύρ-</em></strong></span> 
     </span>
     <span class='ocr_line' id='line_1_11' title="bbox 49 805 1634 873; baseline 0.009 -25"><span class='ocrx_word' id='word_1_71' title='bbox 49 816 186 850; x_wconf 87' lang='grc' dir='ltr'><strong><em>1οτων</em></strong></span> <span class='ocrx_word' id='word_1_72' title='bbox 222 805 328 860; x_wconf 72' lang='grc' dir='ltr'><strong><em>μετὰ</em></strong></span> <span class='ocrx_word' id='word_1_73' title='bbox 372 807 451 863; x_wconf 79' lang='grc' dir='ltr'><strong>τήν</strong></span> <span class='ocrx_word' id='word_1_74' title='bbox 494 811 573 851; x_wconf 75' lang='grc' dir='ltr'><strong><em>τοῦ</em></strong></span> <span class='ocrx_word' id='word_1_75' title='bbox 610 811 856 864; x_wconf 68' lang='grc' dir='ltr'><strong><em>δομεστίκου</em></strong></span> <span class='ocrx_word' id='word_1_76' title='bbox 896 812 1152 868; x_wconf 84' lang='grc' dir='ltr'><strong><em>Ἀδραλέτου</em></strong></span> <span class='ocrx_word' id='word_1_77' title='bbox 1191 813 1392 871; x_wconf 76' lang='grc' dir='ltr'><strong><em>τελευτὴν</em></strong></span> <span class='ocrx_word' id='word_1_78' title='bbox 1429 829 1634 873; x_wconf 60' lang='lat' dir='ltr'><strong>noos-106</strong></span> 
     </span>
     <span class='ocr_line' id='line_1_12' title="bbox 98 870 1591 936; baseline 0.009 -22"><span class='ocrx_word' id='word_1_79' title='bbox 98 870 239 929; x_wconf 72' lang='grc' dir='ltr'><strong>βλήθη</strong></span> <span class='ocrx_word' id='word_1_80' title='bbox 267 874 418 933; x_wconf 72' lang='grc' dir='ltr'><strong><em>Πόθος</em></strong></span> <span class='ocrx_word' id='word_1_81' title='bbox 444 874 467 916; x_wconf 80' lang='grc' dir='ltr'><em>ὅ</em></span> <span class='ocrx_word' id='word_1_82' title='bbox 496 878 571 917; x_wconf 82' lang='grc' dir='ltr'><strong><em>τοῦ</em></strong></span> <span class='ocrx_word' id='word_1_83' title='bbox 595 878 802 932; x_wconf 80' lang='grc' dir='ltr'><strong><em>Ἀργυροῦ</em></strong></span> <span class='ocrx_word' id='word_1_84' title='bbox 844 880 1085 931; x_wconf 78' lang='grc' dir='ltr'><strong><em>δομὲστικος</em></strong></span> <span class='ocrx_word' id='word_1_85' title='bbox 1113 883 1195 923; x_wconf 73' lang='grc' dir='ltr'><strong>τῶν</strong></span> <span class='ocrx_word' id='word_1_86' title='bbox 1232 883 1423 936; x_wconf 75' lang='grc' dir='ltr'><strong><em>σχολῶν·</em></strong></span> <span class='ocrx_word' id='word_1_87' title='bbox 1481 885 1591 927; x_wconf 79' lang='grc' dir='ltr'><strong>καίΟ</strong></span> 
     </span>
     <span class='ocr_line' id='line_1_13' title="bbox 97 940 1551 999; baseline 0.008 -19"><span class='ocrx_word' id='word_1_88' title='bbox 97 940 228 994; x_wconf 79' lang='grc' dir='ltr'><strong><em>μέχρι</em></strong></span> <span class='ocrx_word' id='word_1_89' title='bbox 259 941 557 996; x_wconf 83' lang='grc' dir='ltr'><strong><em>Θερμοπόλεως</em></strong></span> <span class='ocrx_word' id='word_1_90' title='bbox 601 942 705 995; x_wconf 72' lang='grc' dir='ltr'><strong><em>μετὰ</em></strong></span> <span class='ocrx_word' id='word_1_91' title='bbox 736 946 818 986; x_wconf 81' lang='grc' dir='ltr'><strong>τῶν</strong></span> <span class='ocrx_word' id='word_1_92' title='bbox 851 947 1072 999; x_wconf 79' lang='grc' dir='ltr'><strong><em>ταγμάτων</em></strong></span> <span class='ocrx_word' id='word_1_93' title='bbox 1098 946 1278 998; x_wconf 74' lang='grc' dir='ltr'><strong><em>ἐξελθών</em></strong></span> <span class='ocrx_word' id='word_1_94' title='bbox 1309 947 1551 991; x_wconf 72' lang='grc' dir='ltr'><strong><em>ἀπέστειλεν</em></strong></span> 
     </span>
     <span class='ocr_line' id='line_1_14' title="bbox 102 1003 1629 1069; baseline 0.007 -22"><span class='ocrx_word' id='word_1_95' title='bbox 102 1003 288 1061; x_wconf 56' lang='lat' dir='ltr'><strong>Megari).</strong></span> <span class='ocrx_word' id='word_1_96' title='bbox 313 1005 382 1049; x_wconf 86' lang='grc' dir='ltr'><strong>τὸν</strong></span> <span class='ocrx_word' id='word_1_97' title='bbox 420 1008 498 1050; x_wconf 81' lang='grc' dir='ltr'><strong><em>τοῦ</em></strong></span> <span class='ocrx_word' id='word_1_98' title='bbox 529 1011 835 1064; x_wconf 81' lang='grc' dir='ltr'><strong><em>Μωρολέοντος</em></strong></span> <span class='ocrx_word' id='word_1_99' title='bbox 873 1009 966 1053; x_wconf 82' lang='grc' dir='ltr'><strong><em>υἱὸν</em></strong></span> <span class='ocrx_word' id='word_1_100' title='bbox 1006 1012 1292 1069; x_wconf 78' lang='grc' dir='ltr'><strong><em>τοποτηρητὴν</em></strong></span> <span class='ocrx_word' id='word_1_101' title='bbox 1325 1009 1425 1056; x_wconf 79' lang='grc' dir='ltr'><strong><em>ὄντα</em></strong></span> <span class='ocrx_word' id='word_1_102' title='bbox 1450 1013 1549 1064; x_wconf 78' lang='grc' dir='ltr'><strong>τούς</strong></span> <span class='ocrx_word' id='word_1_103' title='bbox 1564 1030 1629 1064; x_wconf 86' lang='lat'><strong>107</strong></span> 
     </span>
    </p>

    <p class='ocr_par' dir='ltr' id='par_1_4' title="bbox 97 1071 1551 1138">
     <span class='ocr_line' id='line_1_15' title="bbox 97 1071 1551 1138; baseline 0.006 -26"><span class='ocrx_word' id='word_1_104' title='bbox 97 1072 370 1128; x_wconf 80' lang='grc' dir='ltr'><strong><em>Βουλγάρους</em></strong></span> <span class='ocrx_word' id='word_1_105' title='bbox 401 1071 783 1130; x_wconf 77' lang='grc' dir='ltr'><strong><em>κατασκοηήσοντα.</em></strong></span> <span class='ocrx_word' id='word_1_106' title='bbox 842 1075 863 1118; x_wconf 83' lang='grc' dir='ltr'><em>ὃ</em></span> <span class='ocrx_word' id='word_1_107' title='bbox 895 1079 942 1120; x_wconf 77' lang='grc' dir='ltr'><strong>δὲ</strong></span> <span class='ocrx_word' id='word_1_108' title='bbox 962 1076 1210 1133; x_wconf 76' lang='grc' dir='ltr'><strong><em>ἅπροόπτως</em></strong></span> <span class='ocrx_word' id='word_1_109' title='bbox 1235 1080 1294 1137; x_wconf 76' lang='grc' dir='ltr'><strong>τῷ</strong></span> <span class='ocrx_word' id='word_1_110' title='bbox 1323 1078 1435 1138; x_wconf 79' lang='grc' dir='ltr'><strong><em>λόχῳ</em></strong></span> <span class='ocrx_word' id='word_1_111' title='bbox 1467 1081 1551 1122; x_wconf 84' lang='lat' dir='ltr'><strong>av&#39;-</strong></span> 
     </span>
    </p>

    <p class='ocr_par' dir='ltr' id='par_1_5' title="bbox 45 1139 1551 1463">
     <span class='ocr_line' id='line_1_16' title="bbox 45 1139 1551 1201; baseline 0.007 -22"><span class='ocrx_word' id='word_1_112' title='bbox 45 1141 87 1174; x_wconf 82' lang='lat'><strong>15</strong></span> <span class='ocrx_word' id='word_1_113' title='bbox 99 1139 179 1180; x_wconf 75' lang='grc' dir='ltr'><strong>τῶν</strong></span> <span class='ocrx_word' id='word_1_114' title='bbox 207 1139 401 1191; x_wconf 77' lang='grc' dir='ltr'><strong><em>ἐμπεσών</em></strong></span> <span class='ocrx_word' id='word_1_115' title='bbox 439 1141 619 1190; x_wconf 80' lang='grc' dir='ltr'><strong><em>πολλοὺς</em></strong></span> <span class='ocrx_word' id='word_1_116' title='bbox 660 1145 739 1196; x_wconf 78' lang='grc' dir='ltr'><strong>μὲν</strong></span> <span class='ocrx_word' id='word_1_117' title='bbox 778 1146 862 1186; x_wconf 76' lang='grc' dir='ltr'><strong>τῶν</strong></span> <span class='ocrx_word' id='word_1_118' title='bbox 890 1144 1147 1200; x_wconf 78' lang='grc' dir='ltr'><strong><em>Βουλγᾰρων</em></strong></span> <span class='ocrx_word' id='word_1_119' title='bbox 1176 1140 1351 1201; x_wconf 83' lang='grc' dir='ltr'><strong><em>ἇνεῖλεν,</em></strong></span> <span class='ocrx_word' id='word_1_120' title='bbox 1383 1150 1551 1201; x_wconf 72' lang='grc' dir='ltr'><strong><em>πληγείς</em></strong></span> 
     </span>
     <span class='ocr_line' id='line_1_17' title="bbox 97 1203 1547 1266; baseline 0.006 -20"><span class='ocrx_word' id='word_1_121' title='bbox 97 1205 145 1246; x_wconf 77' lang='grc' dir='ltr'><strong>δὲ</strong></span> <span class='ocrx_word' id='word_1_122' title='bbox 173 1203 302 1255; x_wconf 67' lang='grc' dir='ltr'><strong><em>αὐτὸς</em></strong></span> <span class='ocrx_word' id='word_1_123' title='bbox 343 1208 388 1248; x_wconf 81' lang='grc' dir='ltr'><strong>ἐν</strong></span> <span class='ocrx_word' id='word_1_124' title='bbox 432 1209 485 1264; x_wconf 81' lang='grc' dir='ltr'><strong>τῇ</strong></span> <span class='ocrx_word' id='word_1_125' title='bbox 522 1205 641 1250; x_wconf 84' lang='grc' dir='ltr'><strong><em>πόλει</em></strong></span> <span class='ocrx_word' id='word_1_126' title='bbox 672 1209 949 1266; x_wconf 80' lang='grc' dir='ltr'><strong><em>ἐτελεύτησεν.</em></strong></span> <span class='ocrx_word' id='word_1_127' title='bbox 1018 1210 1208 1266; x_wconf 76' lang='grc' dir='ltr'><strong><em>ἐμηνύθη</em></strong></span> <span class='ocrx_word' id='word_1_128' title='bbox 1238 1211 1285 1254; x_wconf 79' lang='grc' dir='ltr'><strong>δὲ</strong></span> <span class='ocrx_word' id='word_1_129' title='bbox 1312 1209 1402 1253; x_wconf 84' lang='grc' dir='ltr'><strong><em>τότε</em></strong></span> <span class='ocrx_word' id='word_1_130' title='bbox 1431 1213 1547 1266; x_wconf 77' lang='grc' dir='ltr'><em>παρὰ</em></span> 
     </span>
     <span class='ocr_line' id='line_1_18' title="bbox 92 1268 1549 1331; baseline 0.005 -21"><span class='ocrx_word' id='word_1_131' title='bbox 92 1268 332 1326; x_wconf 79' lang='grc' dir='ltr'><strong><em>Θεοκλὴτου</em></strong></span> <span class='ocrx_word' id='word_1_132' title='bbox 362 1274 556 1328; x_wconf 77' lang='grc' dir='ltr'><strong><em>νοταρίου</em></strong></span> <span class='ocrx_word' id='word_1_133' title='bbox 595 1276 669 1328; x_wconf 84' lang='grc' dir='ltr'><strong>τῆς</strong></span> <span class='ocrx_word' id='word_1_134' title='bbox 713 1272 944 1330; x_wconf 71' lang='grc' dir='ltr'><strong><em>ὑπουργίας</em></strong></span> <span class='ocrx_word' id='word_1_135' title='bbox 987 1275 1014 1331; x_wconf 82' lang='grc' dir='ltr'><em>ἦ</em></span> <span class='ocrx_word' id='word_1_136' title='bbox 1043 1274 1149 1320; x_wconf 73' lang='grc' dir='ltr'><strong><em>κατὰ</em></strong></span> <span class='ocrx_word' id='word_1_137' title='bbox 1175 1276 1395 1330; x_wconf 79' lang='grc' dir='ltr'><strong><em>Ῥωμανοῦ</em></strong></span> <span class='ocrx_word' id='word_1_138' title='bbox 1423 1281 1549 1331; x_wconf 82' lang='grc' dir='ltr'><strong><em>βασι-</em></strong></span> 
     </span>
     <span class='ocr_line' id='line_1_19' title="bbox 99 1337 1551 1396; baseline 0.007 -20"><span class='ocrx_word' id='word_1_139' title='bbox 99 1337 204 1384; x_wconf 78' lang='grc' dir='ltr'><strong><em>λέως</em></strong></span> <span class='ocrx_word' id='word_1_140' title='bbox 249 1337 450 1393; x_wconf 76' lang='grc' dir='ltr'><strong><em>ἐπιβουλὴ</em></strong></span> <span class='ocrx_word' id='word_1_141' title='bbox 489 1339 763 1382; x_wconf 79' lang='grc' dir='ltr'><strong><em>Ἀναστασίου</em></strong></span> <span class='ocrx_word' id='word_1_142' title='bbox 801 1340 1077 1396; x_wconf 70' lang='grc' dir='ltr'><strong><em>σακελλαρίου</em></strong></span> <span class='ocrx_word' id='word_1_143' title='bbox 1123 1345 1197 1383; x_wconf 82' lang='grc' dir='ltr'><em>καί</em></span> <span class='ocrx_word' id='word_1_144' title='bbox 1235 1338 1431 1396; x_wconf 73' lang='grc' dir='ltr'><strong><em>ἄρχοντος</em></strong></span> <span class='ocrx_word' id='word_1_145' title='bbox 1471 1346 1551 1386; x_wconf 80' lang='grc' dir='ltr'><strong><em>τοῦ</em></strong></span> 
     </span>
     <span class='ocr_line' id='line_1_20' title="bbox 93 1401 1546 1463; baseline 0.005 -20"><span class='ocrx_word' id='word_1_146' title='bbox 93 1401 351 1459; x_wconf 80' lang='grc' dir='ltr'><strong><em>χρυσοχόου,</em></strong></span> <span class='ocrx_word' id='word_1_147' title='bbox 381 1402 455 1446; x_wconf 80' lang='grc' dir='ltr'><em>καί</em></span> <span class='ocrx_word' id='word_1_148' title='bbox 476 1405 751 1461; x_wconf 75' lang='grc' dir='ltr'><strong><em>Θεοδωρήτου</em></strong></span> <span class='ocrx_word' id='word_1_149' title='bbox 781 1409 1035 1460; x_wconf 75' lang='grc' dir='ltr'><strong><em>κοιτωνίτου,</em></strong></span> <span class='ocrx_word' id='word_1_150' title='bbox 1065 1410 1137 1450; x_wconf 81' lang='grc' dir='ltr'>καί</span> <span class='ocrx_word' id='word_1_151' title='bbox 1156 1409 1399 1463; x_wconf 75' lang='grc' dir='ltr'><strong><em>Δημητρίου</em></strong></span> <span class='ocrx_word' id='word_1_152' title='bbox 1423 1424 1546 1451; x_wconf 86' lang='grc' dir='ltr'><strong><em>νοτα-</em></strong></span> 
     </span>
    </p>

    <p class='ocr_par' dir='ltr' id='par_1_6' title="bbox 37 1467 1624 1664">
     <span class='ocr_line' id='line_1_21' title="bbox 37 1467 1546 1531; baseline 0.005 -20"><span class='ocrx_word' id='word_1_153' title='bbox 37 1477 83 1511; x_wconf 83' lang='grc'><strong>20</strong></span> <span class='ocrx_word' id='word_1_154' title='bbox 95 1467 190 1523; x_wconf 51' lang='lat' dir='ltr'><strong>elev</strong></span> <span class='ocrx_word' id='word_1_155' title='bbox 215 1471 438 1521; x_wconf 78' lang='grc' dir='ltr'><strong><em>βασιλικοῦ</em></strong></span> <span class='ocrx_word' id='word_1_156' title='bbox 467 1471 544 1513; x_wconf 81' lang='grc' dir='ltr'><strong><em>τοῦ</em></strong></span> <span class='ocrx_word' id='word_1_157' title='bbox 569 1473 740 1529; x_wconf 77' lang='grc' dir='ltr'><strong><em>εἰδικοῦ,</em></strong></span> <span class='ocrx_word' id='word_1_158' title='bbox 768 1472 841 1515; x_wconf 83' lang='grc' dir='ltr'>καί</span> <span class='ocrx_word' id='word_1_159' title='bbox 853 1474 1065 1517; x_wconf 79' lang='grc' dir='ltr'><strong><em>Νικολάου</em></strong></span> <span class='ocrx_word' id='word_1_160' title='bbox 1095 1475 1173 1515; x_wconf 81' lang='grc' dir='ltr'><strong><em>τοῦ</em></strong></span> <span class='ocrx_word' id='word_1_161' title='bbox 1201 1473 1444 1531; x_wconf 82' lang='grc' dir='ltr'><strong><em>Κουβάτζη,</em></strong></span> <span class='ocrx_word' id='word_1_162' title='bbox 1472 1477 1546 1518; x_wconf 74' lang='grc' dir='ltr'><strong>καί</strong></span> 
     </span>
     <span class='ocr_line' id='line_1_22' title="bbox 97 1535 1624 1600; baseline 0.007 -25"><span class='ocrx_word' id='word_1_163' title='bbox 97 1535 310 1577; x_wconf 84' lang='grc' dir='ltr'><strong><em>Θεοδότου</em></strong></span> <span class='ocrx_word' id='word_1_164' title='bbox 347 1538 700 1592; x_wconf 80' lang='grc' dir='ltr'><strong><em>πρωτοκαρὰβου·</em></strong></span> <span class='ocrx_word' id='word_1_165' title='bbox 779 1539 852 1582; x_wconf 77' lang='grc' dir='ltr'><strong>καὶ</strong></span> <span class='ocrx_word' id='word_1_166' title='bbox 886 1539 936 1595; x_wconf 75' lang='grc' dir='ltr'><strong>δὴ</strong></span> <span class='ocrx_word' id='word_1_167' title='bbox 988 1543 1253 1594; x_wconf 75' lang='grc' dir='ltr'><strong><em>ἐλεγχθέντες</em></strong></span> <span class='ocrx_word' id='word_1_168' title='bbox 1298 1539 1541 1600; x_wconf 75' lang='grc' dir='ltr'><strong><em>ἑτύφθηοαν</em></strong></span> <span class='ocrx_word' id='word_1_169' title='bbox 1557 1553 1624 1589; x_wconf 85' lang='lat'><strong>108</strong></span> 
     </span>
     <span class='ocr_line' id='line_1_23' title="bbox 91 1599 1539 1664; baseline 0.005 -22"><span class='ocrx_word' id='word_1_170' title='bbox 91 1599 166 1642; x_wconf 80' lang='grc' dir='ltr'><em>καί</em></span> <span class='ocrx_word' id='word_1_171' title='bbox 189 1602 234 1643; x_wconf 82' lang='grc' dir='ltr'><strong>ἐν</strong></span> <span class='ocrx_word' id='word_1_172' title='bbox 258 1603 310 1660; x_wconf 79' lang='grc' dir='ltr'><strong>τῇ</strong></span> <span class='ocrx_word' id='word_1_173' title='bbox 335 1603 443 1660; x_wconf 84' lang='grc' dir='ltr'><strong><em>μέσῃ</em></strong></span> <span class='ocrx_word' id='word_1_174' title='bbox 469 1605 657 1658; x_wconf 79' lang='grc' dir='ltr'><strong><em>διῆλθον.</em></strong></span> <span class='ocrx_word' id='word_1_175' title='bbox 729 1604 751 1646; x_wconf 80' lang='grc' dir='ltr'>ὁ</span> <span class='ocrx_word' id='word_1_176' title='bbox 795 1606 839 1646; x_wconf 75' lang='grc' dir='ltr'><strong>δὲ</strong></span> <span class='ocrx_word' id='word_1_177' title='bbox 872 1606 1141 1663; x_wconf 77' lang='grc' dir='ltr'><strong><em>Θεοδώρητος</em></strong></span> <span class='ocrx_word' id='word_1_178' title='bbox 1168 1608 1283 1657; x_wconf 65' lang='grc' dir='ltr'><strong><em>ἰδίως</em></strong></span> <span class='ocrx_word' id='word_1_179' title='bbox 1310 1609 1356 1649; x_wconf 85' lang='grc' dir='ltr'><strong>ἐν</strong></span> <span class='ocrx_word' id='word_1_180' title='bbox 1383 1609 1440 1664; x_wconf 74' lang='grc' dir='ltr'><strong>τῷ</strong></span> <span class='ocrx_word' id='word_1_181' title='bbox 1468 1612 1539 1649; x_wconf 86' lang='grc' dir='ltr'><strong>λε-</strong></span> 
     </span>
    </p>
   </div>
   <div class='ocr_carea' id='block_1_3' title="bbox 183 1728 998 1782">
    <p class='ocr_par' dir='ltr' id='par_1_7' title="bbox 183 1728 998 1782">
     <span class='ocr_line' id='line_1_24' title="bbox 183 1728 998 1782; baseline 0.009 -20"><span class='ocrx_word' id='word_1_182' title='bbox 183 1728 217 1763; x_wconf 83' lang='lat'><strong>4.</strong></span> <span class='ocrx_word' id='word_1_183' title='bbox 243 1733 497 1779; x_wconf 70' lang='grc' dir='ltr'><strong><em>μαγγλιιβίτου</em></strong></span> <span class='ocrx_word' id='word_1_184' title='bbox 521 1733 728 1778; x_wconf 82' lang='lat' dir='ltr'><strong>Anonymus</strong></span> <span class='ocrx_word' id='word_1_185' title='bbox 754 1738 791 1782; x_wconf 82' lang='lat' dir='ltr'><strong>et</strong></span> <span class='ocrx_word' id='word_1_186' title='bbox 817 1734 998 1769; x_wconf 85' lang='lat' dir='ltr'><strong>Cedrenus</strong></span> 
     </span>
    </p>
   </div>
   <div class='ocr_carea' id='block_1_4' title="bbox 74 1826 1534 2713">
    <p class='ocr_par' dir='ltr' id='par_1_8' title="bbox 82 1826 1534 2190">
     <span class='ocr_line' id='line_1_25' title="bbox 90 1826 1534 1879; baseline 0.006 -21"><span class='ocrx_word' id='word_1_187' title='bbox 90 1826 186 1860; x_wconf 86' lang='lat' dir='ltr'><strong>omni</strong></span> <span class='ocrx_word' id='word_1_188' title='bbox 230 1839 358 1872; x_wconf 77' lang='lat' dir='ltr'><strong>genere</strong></span> <span class='ocrx_word' id='word_1_189' title='bbox 381 1829 590 1872; x_wconf 83' lang='lat' dir='ltr'><strong>instructis,</strong></span> <span class='ocrx_word' id='word_1_190' title='bbox 626 1832 886 1878; x_wconf 78' lang='lat' dir='ltr'><strong>stipendiisque</strong></span> <span class='ocrx_word' id='word_1_191' title='bbox 931 1833 1105 1866; x_wconf 80' lang='lat' dir='ltr'><strong>militibus</strong></span> <span class='ocrx_word' id='word_1_192' title='bbox 1142 1834 1311 1878; x_wconf 76' lang='lat' dir='ltr'><strong>erogatis,</strong></span> <span class='ocrx_word' id='word_1_193' title='bbox 1339 1833 1534 1879; x_wconf 77' lang='lat' dir='ltr'><strong>derepente</strong></span> 
     </span>
     <span class='ocr_line' id='line_1_26' title="bbox 90 1874 1532 1925; baseline 0.006 -20"><span class='ocrx_word' id='word_1_194' title='bbox 90 1874 263 1907; x_wconf 78' lang='lat' dir='ltr'><strong>Romanus</strong></span> <span class='ocrx_word' id='word_1_195' title='bbox 289 1877 489 1920; x_wconf 83' lang='lat' dir='ltr'><strong>praefatus,</strong></span> <span class='ocrx_word' id='word_1_196' title='bbox 523 1884 559 1911; x_wconf 87' lang='lat' dir='ltr'><strong>et</strong></span> <span class='ocrx_word' id='word_1_197' title='bbox 584 1880 839 1913; x_wconf 78' lang='lat' dir='ltr'><strong>Constantinus</strong></span> <span class='ocrx_word' id='word_1_198' title='bbox 880 1881 1049 1913; x_wconf 80' lang='lat' dir='ltr'><strong>inusitata</strong></span> <span class='ocrx_word' id='word_1_199' title='bbox 1074 1880 1260 1913; x_wconf 83' lang='lat' dir='ltr'><strong>celeritate</strong></span> <span class='ocrx_word' id='word_1_200' title='bbox 1287 1882 1339 1912; x_wconf 89' lang='lat' dir='ltr'><strong>usi</strong></span> <span class='ocrx_word' id='word_1_201' title='bbox 1367 1882 1403 1912; x_wconf 90' lang='lat' dir='ltr'><strong>in</strong></span> <span class='ocrx_word' id='word_1_202' title='bbox 1430 1882 1532 1925; x_wconf 84' lang='lat' dir='ltr'><strong>pala-</strong></span> 
     </span>
     <span class='ocr_line' id='line_1_27' title="bbox 88 1921 1531 1972; baseline 0.006 -20"><span class='ocrx_word' id='word_1_203' title='bbox 88 1921 178 1954; x_wconf 85' lang='lat' dir='ltr'><strong>tium</strong></span> <span class='ocrx_word' id='word_1_204' title='bbox 206 1928 450 1956; x_wconf 86' lang='lat' dir='ltr'><strong>revertuntur:</strong></span> <span class='ocrx_word' id='word_1_205' title='bbox 480 1936 499 1957; x_wconf 85' lang='lat' dir='ltr'><strong>a</strong></span> <span class='ocrx_word' id='word_1_206' title='bbox 525 1925 646 1958; x_wconf 83' lang='lat' dir='ltr'><strong>Leone</strong></span> <span class='ocrx_word' id='word_1_207' title='bbox 672 1927 819 1971; x_wconf 85' lang='lat' dir='ltr'><strong>quippe,</strong></span> <span class='ocrx_word' id='word_1_208' title='bbox 846 1928 982 1960; x_wconf 78' lang='lat' dir='ltr'><strong>Arsenii</strong></span> <span class='ocrx_word' id='word_1_209' title='bbox 1018 1927 1227 1967; x_wconf 81' lang='lat' dir='ltr'><strong>domestico,</strong></span> <span class='ocrx_word' id='word_1_210' title='bbox 1257 1928 1392 1960; x_wconf 83' lang='lat' dir='ltr'><strong>Arsenii</strong></span> <span class='ocrx_word' id='word_1_211' title='bbox 1419 1928 1531 1972; x_wconf 84' lang='lat' dir='ltr'><strong>ipsius</strong></span> 
     </span>
     <span class='ocr_line' id='line_1_28' title="bbox 86 1968 1531 2020; baseline 0.005 -21"><span class='ocrx_word' id='word_1_212' title='bbox 86 1972 123 2000; x_wconf 82' lang='lat' dir='ltr'><strong>et</strong></span> <span class='ocrx_word' id='word_1_213' title='bbox 153 1968 252 2001; x_wconf 81' lang='lat' dir='ltr'><strong>Pauli</strong></span> <span class='ocrx_word' id='word_1_214' title='bbox 292 1971 531 2014; x_wconf 82' lang='lat' dir='ltr'><strong>mangiabitae</strong></span> <span class='ocrx_word' id='word_1_215' title='bbox 560 1974 774 2017; x_wconf 80' lang='lat' dir='ltr'><strong>conspiratio</strong></span> <span class='ocrx_word' id='word_1_216' title='bbox 808 1974 927 2007; x_wconf 80' lang='lat' dir='ltr'><strong>delata</strong></span> <span class='ocrx_word' id='word_1_217' title='bbox 953 1975 1085 2008; x_wconf 85' lang='lat' dir='ltr'><strong>fuerat:</strong></span> <span class='ocrx_word' id='word_1_218' title='bbox 1124 1986 1165 2007; x_wconf 82' lang='lat' dir='ltr'><strong>ex</strong></span> <span class='ocrx_word' id='word_1_219' title='bbox 1192 1986 1264 2020; x_wconf 91' lang='lat' dir='ltr'><strong>quo</strong></span> <span class='ocrx_word' id='word_1_220' title='bbox 1288 1973 1464 2007; x_wconf 81' lang='lat' dir='ltr'><strong>verberati</strong></span> <span class='ocrx_word' id='word_1_221' title='bbox 1494 1980 1531 2007; x_wconf 74' lang='lat' dir='ltr'><strong>et</strong></span> 
     </span>
     <span class='ocr_line' id='line_1_29' title="bbox 85 2013 1527 2065; baseline 0.005 -19"><span class='ocrx_word' id='word_1_222' title='bbox 85 2013 188 2048; x_wconf 79' lang='lat' dir='ltr'><strong>bonis</strong></span> <span class='ocrx_word' id='word_1_223' title='bbox 229 2016 312 2049; x_wconf 77' lang='lat' dir='ltr'><strong>fisco</strong></span> <span class='ocrx_word' id='word_1_224' title='bbox 353 2017 501 2051; x_wconf 78' lang='lat' dir='ltr'><strong>addictis</strong></span> <span class='ocrx_word' id='word_1_225' title='bbox 528 2019 564 2052; x_wconf 91' lang='lat' dir='ltr'><strong>in</strong></span> <span class='ocrx_word' id='word_1_226' title='bbox 593 2020 737 2052; x_wconf 79' lang='lat' dir='ltr'><strong>exilium</strong></span> <span class='ocrx_word' id='word_1_227' title='bbox 776 2021 940 2054; x_wconf 82' lang='lat' dir='ltr'><strong>transtati</strong></span> <span class='ocrx_word' id='word_1_228' title='bbox 975 2028 1069 2054; x_wconf 88' lang='lat' dir='ltr'><strong>sunt.</strong></span> <span class='ocrx_word' id='word_1_229' title='bbox 1128 2027 1202 2054; x_wconf 83' lang='lat' dir='ltr'><strong>erat</strong></span> <span class='ocrx_word' id='word_1_230' title='bbox 1234 2032 1339 2065; x_wconf 90' lang='lat' dir='ltr'><strong>porro</strong></span> <span class='ocrx_word' id='word_1_231' title='bbox 1374 2027 1459 2054; x_wconf 88' lang='lat' dir='ltr'><strong>tuuc</strong></span> <span class='ocrx_word' id='word_1_232' title='bbox 1483 2021 1527 2054; x_wconf 87' lang='lat' dir='ltr'><strong>ab</strong></span> 
     </span>
     <span class='ocr_line' id='line_1_30' title="bbox 83 2062 1528 2113; baseline 0.004 -19"><span class='ocrx_word' id='word_1_233' title='bbox 83 2062 295 2108; x_wconf 85' lang='lat' dir='ltr'><strong>imperatore</strong></span> <span class='ocrx_word' id='word_1_234' title='bbox 327 2066 505 2108; x_wconf 76' lang='lat' dir='ltr'><strong>proximus</strong></span> <span class='ocrx_word' id='word_1_235' title='bbox 539 2072 716 2111; x_wconf 80' lang='lat' dir='ltr'><strong>potestate</strong></span> <span class='ocrx_word' id='word_1_236' title='bbox 742 2069 890 2100; x_wconf 74' lang='lat' dir='ltr'><strong>Ioannes</strong></span> <span class='ocrx_word' id='word_1_237' title='bbox 925 2069 1110 2113; x_wconf 75' lang='lat' dir='ltr'><strong>presbyter</strong></span> <span class='ocrx_word' id='word_1_238' title='bbox 1136 2074 1172 2101; x_wconf 77' lang='lat' dir='ltr'><strong>et</strong></span> <span class='ocrx_word' id='word_1_239' title='bbox 1199 2073 1324 2108; x_wconf 84' lang='lat' dir='ltr'><strong>rector,</strong></span> <span class='ocrx_word' id='word_1_240' title='bbox 1348 2069 1409 2113; x_wconf 89' lang='lat' dir='ltr'><strong>qui</strong></span> <span class='ocrx_word' id='word_1_241' title='bbox 1440 2069 1528 2100; x_wconf 88' lang='lat' dir='ltr'><strong>Leo-</strong></span> 
     </span>
     <span class='ocr_line' id='line_1_31' title="bbox 82 2110 1526 2160; baseline 0.004 -19"><span class='ocrx_word' id='word_1_242' title='bbox 82 2119 162 2142; x_wconf 86' lang='lat' dir='ltr'><strong>nem</strong></span> <span class='ocrx_word' id='word_1_243' title='bbox 195 2110 352 2144; x_wconf 80' lang='lat' dir='ltr'><strong>Armenii</strong></span> <span class='ocrx_word' id='word_1_244' title='bbox 388 2113 501 2145; x_wconf 86' lang='lat' dir='ltr'><strong>filium</strong></span> <span class='ocrx_word' id='word_1_245' title='bbox 547 2112 860 2147; x_wconf 84' lang='lat' dir='ltr'><strong>hebdomadarium</strong></span> <span class='ocrx_word' id='word_1_246' title='bbox 906 2116 1040 2148; x_wconf 88' lang='lat' dir='ltr'><strong>curavit</strong></span> <span class='ocrx_word' id='word_1_247' title='bbox 1073 2116 1149 2148; x_wconf 84' lang='lat' dir='ltr'><strong>fieri</strong></span> <span class='ocrx_word' id='word_1_248' title='bbox 1188 2116 1394 2159; x_wconf 82' lang='lat' dir='ltr'><strong>imperatori</strong></span> <span class='ocrx_word' id='word_1_249' title='bbox 1430 2115 1526 2160; x_wconf 79' lang='lat' dir='ltr'><strong>prius</strong></span> 
     </span>
     <span class='ocr_line' id='line_1_32' title="bbox 83 2156 434 2190; baseline 0.009 -3"><span class='ocrx_word' id='word_1_250' title='bbox 83 2156 380 2190; x_wconf 84' lang='lat' dir='ltr'><strong>commendatum.</strong></span> <span class='ocrx_word' id='word_1_251' title='bbox 432 2156 434 2158; x_wconf 70' lang='grc'>’</span> 
     </span>
    </p>

    <p class='ocr_par' dir='ltr' id='par_1_9' title="bbox 74 2204 1523 2713">
     <span class='ocr_line' id='line_1_33' title="bbox 174 2204 1519 2252; baseline 0.004 -17"><span class='ocrx_word' id='word_1_252' title='bbox 174 2204 328 2248; x_wconf 81' lang='lat' dir='ltr'><strong>Ruigaris</strong></span> <span class='ocrx_word' id='word_1_253' title='bbox 354 2216 437 2239; x_wconf 91' lang='lat' dir='ltr'><strong>vero</strong></span> <span class='ocrx_word' id='word_1_254' title='bbox 461 2205 505 2239; x_wconf 83' lang='lat' dir='ltr'><strong>ad</strong></span> <span class='ocrx_word' id='word_1_255' title='bbox 530 2207 727 2252; x_wconf 82' lang='lat' dir='ltr'><strong>Catasyrtas</strong></span> <span class='ocrx_word' id='word_1_256' title='bbox 758 2219 869 2252; x_wconf 83' lang='lat' dir='ltr'><strong>usque</strong></span> <span class='ocrx_word' id='word_1_257' title='bbox 896 2214 977 2252; x_wconf 86' lang='lat' dir='ltr'><strong>post</strong></span> <span class='ocrx_word' id='word_1_258' title='bbox 992 2207 1180 2242; x_wconf 63' lang='lat' dir='ltr'><strong>Adi-aletae</strong></span> <span class='ocrx_word' id='word_1_259' title='bbox 1210 2208 1397 2242; x_wconf 80' lang='lat' dir='ltr'><strong>domestici</strong></span> <span class='ocrx_word' id='word_1_260' title='bbox 1425 2219 1519 2240; x_wconf 86' lang='lat' dir='ltr'><strong>mor-</strong></span> 
     </span>
     <span class='ocr_line' id='line_1_34' title="bbox 80 2252 1523 2299; baseline 0.003 -18"><span class='ocrx_word' id='word_1_261' title='bbox 80 2253 150 2282; x_wconf 87' lang='lat' dir='ltr'><strong>tem</strong></span> <span class='ocrx_word' id='word_1_262' title='bbox 178 2252 468 2294; x_wconf 82' lang='lat' dir='ltr'><strong>excurrentibus,</strong></span> <span class='ocrx_word' id='word_1_263' title='bbox 497 2253 628 2288; x_wconf 84' lang='lat' dir='ltr'><strong>Pothus</strong></span> <span class='ocrx_word' id='word_1_264' title='bbox 654 2255 768 2299; x_wconf 84' lang='lat' dir='ltr'><strong>Argiri</strong></span> <span class='ocrx_word' id='word_1_265' title='bbox 797 2256 889 2287; x_wconf 80' lang='lat' dir='ltr'><strong>filins</strong></span> <span class='ocrx_word' id='word_1_266' title='bbox 915 2254 1112 2288; x_wconf 83' lang='lat' dir='ltr'><strong>scholarum</strong></span> <span class='ocrx_word' id='word_1_267' title='bbox 1144 2255 1361 2289; x_wconf 77' lang='lat' dir='ltr'><strong>domesticus</strong></span> <span class='ocrx_word' id='word_1_268' title='bbox 1385 2259 1523 2287; x_wconf 78' lang='lat' dir='ltr'><strong>creatus</strong></span> 
     </span>
     <span class='ocr_line' id='line_1_35' title="bbox 80 2295 1523 2348; baseline 0.003 -20"><span class='ocrx_word' id='word_1_269' title='bbox 80 2302 144 2330; x_wconf 82' lang='lat' dir='ltr'><strong>est.</strong></span> <span class='ocrx_word' id='word_1_270' title='bbox 171 2295 229 2330; x_wconf 85' lang='lat' dir='ltr'><strong>hic</strong></span> <span class='ocrx_word' id='word_1_271' title='bbox 254 2297 299 2330; x_wconf 85' lang='lat' dir='ltr'><strong>ad</strong></span> <span class='ocrx_word' id='word_1_272' title='bbox 322 2299 589 2345; x_wconf 81' lang='lat' dir='ltr'><strong>Thermopolim</strong></span> <span class='ocrx_word' id='word_1_273' title='bbox 614 2304 728 2348; x_wconf 78' lang='lat' dir='ltr'><strong>copiis</strong></span> <span class='ocrx_word' id='word_1_274' title='bbox 756 2301 892 2335; x_wconf 84' lang='lat' dir='ltr'><strong>eductis</strong></span> <span class='ocrx_word' id='word_1_275' title='bbox 907 2302 1118 2335; x_wconf 87' lang='lat' dir='ltr'><strong>Michaelem</strong></span> <span class='ocrx_word' id='word_1_276' title='bbox 1134 2303 1369 2336; x_wconf 86' lang='lat' dir='ltr'><strong>Moroleontis</strong></span> <span class='ocrx_word' id='word_1_277' title='bbox 1395 2302 1523 2340; x_wconf 79' lang='lat' dir='ltr'><strong>filium,</strong></span> 
     </span>
     <span class='ocr_line' id='line_1_36' title="bbox 78 2343 1522 2394; baseline 0.003 -19"><span class='ocrx_word' id='word_1_278' title='bbox 78 2343 172 2376; x_wconf 84' lang='lat' dir='ltr'><strong>vices</strong></span> <span class='ocrx_word' id='word_1_279' title='bbox 197 2356 276 2378; x_wconf 83' lang='lat' dir='ltr'><strong>suas</strong></span> <span class='ocrx_word' id='word_1_280' title='bbox 301 2345 505 2387; x_wconf 87' lang='lat' dir='ltr'><strong>obeuntem,</strong></span> <span class='ocrx_word' id='word_1_281' title='bbox 531 2349 755 2392; x_wconf 81' lang='lat' dir='ltr'><strong>Bulgarorum</strong></span> <span class='ocrx_word' id='word_1_282' title='bbox 774 2354 907 2381; x_wconf 85' lang='lat' dir='ltr'><strong>motum</strong></span> <span class='ocrx_word' id='word_1_283' title='bbox 935 2349 1201 2394; x_wconf 80' lang='lat' dir='ltr'><strong>exploraturum</strong></span> <span class='ocrx_word' id='word_1_284' title='bbox 1227 2350 1334 2382; x_wconf 86' lang='lat' dir='ltr'><strong>misit.</strong></span> <span class='ocrx_word' id='word_1_285' title='bbox 1385 2349 1448 2381; x_wconf 82' lang='lat' dir='ltr'><strong>ine</strong></span> <span class='ocrx_word' id='word_1_286' title='bbox 1474 2348 1522 2380; x_wconf 85' lang='lat' dir='ltr'><strong>de</strong></span> 
     </span>
     <span class='ocr_line' id='line_1_37' title="bbox 78 2391 1521 2442; baseline 0.003 -20"><span class='ocrx_word' id='word_1_287' title='bbox 78 2391 269 2435; x_wconf 85' lang='lat' dir='ltr'><strong>improviso</strong></span> <span class='ocrx_word' id='word_1_288' title='bbox 297 2394 427 2435; x_wconf 82' lang='lat' dir='ltr'><strong>agmini</strong></span> <span class='ocrx_word' id='word_1_289' title='bbox 453 2405 572 2428; x_wconf 86' lang='lat' dir='ltr'><strong>eorum</strong></span> <span class='ocrx_word' id='word_1_290' title='bbox 598 2397 710 2430; x_wconf 83' lang='lat' dir='ltr'><strong>factus</strong></span> <span class='ocrx_word' id='word_1_291' title='bbox 739 2396 878 2429; x_wconf 87' lang='lat' dir='ltr'><strong>obviam</strong></span> <span class='ocrx_word' id='word_1_292' title='bbox 906 2397 1077 2440; x_wconf 88' lang='lat' dir='ltr'><strong>plurimos</strong></span> <span class='ocrx_word' id='word_1_293' title='bbox 1101 2397 1246 2442; x_wconf 88' lang='lat' dir='ltr'><strong>quidem</strong></span> <span class='ocrx_word' id='word_1_294' title='bbox 1274 2396 1416 2435; x_wconf 79' lang='lat' dir='ltr'><strong>occidit,</strong></span> <span class='ocrx_word' id='word_1_295' title='bbox 1440 2395 1521 2428; x_wconf 80' lang='lat' dir='ltr'><strong>vul-</strong></span> 
     </span>
     <span class='ocr_line' id='line_1_38' title="bbox 76 2438 1519 2489; baseline 0.003 -20"><span class='ocrx_word' id='word_1_296' title='bbox 76 2438 222 2471; x_wconf 87' lang='lat' dir='ltr'><strong>neribus</strong></span> <span class='ocrx_word' id='word_1_297' title='bbox 251 2444 368 2472; x_wconf 80' lang='lat' dir='ltr'><strong>autem</strong></span> <span class='ocrx_word' id='word_1_298' title='bbox 393 2443 547 2486; x_wconf 87' lang='lat' dir='ltr'><strong>acceptis</strong></span> <span class='ocrx_word' id='word_1_299' title='bbox 571 2444 608 2476; x_wconf 90' lang='lat' dir='ltr'><strong>in</strong></span> <span class='ocrx_word' id='word_1_300' title='bbox 636 2443 723 2477; x_wconf 83' lang='lat' dir='ltr'><strong>urbe</strong></span> <span class='ocrx_word' id='word_1_301' title='bbox 749 2443 973 2489; x_wconf 85' lang='lat' dir='ltr'><strong>postmodum</strong></span> <span class='ocrx_word' id='word_1_302' title='bbox 999 2444 1104 2476; x_wconf 84' lang='lat' dir='ltr'><strong>vitam</strong></span> <span class='ocrx_word' id='word_1_303' title='bbox 1132 2444 1258 2476; x_wconf 83' lang='lat' dir='ltr'><strong>finivit.</strong></span> <span class='ocrx_word' id='word_1_304' title='bbox 1285 2454 1328 2475; x_wconf 88' lang='lat' dir='ltr'><strong>eo</strong></span> <span class='ocrx_word' id='word_1_305' title='bbox 1357 2448 1519 2486; x_wconf 79' lang='lat' dir='ltr'><strong>tempore</strong></span> 
     </span>
     <span class='ocr_line' id='line_1_39' title="bbox 74 2480 1520 2535; baseline 0.003 -19"><span class='ocrx_word' id='word_1_306' title='bbox 74 2484 227 2518; x_wconf 84' lang='lat' dir='ltr'><strong>insidiae</strong></span> <span class='ocrx_word' id='word_1_307' title='bbox 250 2480 416 2520; x_wconf 85' lang='lat' dir='ltr'><strong>adversus</strong></span> <span class='ocrx_word' id='word_1_308' title='bbox 439 2489 632 2522; x_wconf 83' lang='lat' dir='ltr'><strong>Romanum</strong></span> <span class='ocrx_word' id='word_1_309' title='bbox 668 2491 916 2535; x_wconf 72' lang='lat' dir='ltr'><strong>imperatorem</strong></span> <span class='ocrx_word' id='word_1_310' title='bbox 942 2495 1095 2524; x_wconf 82' lang='lat' dir='ltr'><strong>structae</strong></span> <span class='ocrx_word' id='word_1_311' title='bbox 1123 2490 1167 2523; x_wconf 81' lang='lat' dir='ltr'><strong>ab</strong></span> <span class='ocrx_word' id='word_1_312' title='bbox 1194 2489 1377 2524; x_wconf 79' lang='lat' dir='ltr'><strong>Anastasio</strong></span> <span class='ocrx_word' id='word_1_313' title='bbox 1405 2489 1520 2522; x_wconf 88' lang='lat' dir='ltr'><strong>sacel-</strong></span> 
     </span>
     <span class='ocr_line' id='line_1_40' title="bbox 76 2531 1518 2582; baseline 0.003 -18"><span class='ocrx_word' id='word_1_314' title='bbox 76 2531 167 2564; x_wconf 88' lang='lat' dir='ltr'><strong>lario</strong></span> <span class='ocrx_word' id='word_1_315' title='bbox 196 2538 232 2565; x_wconf 83' lang='lat' dir='ltr'><strong>et</strong></span> <span class='ocrx_word' id='word_1_316' title='bbox 255 2533 460 2567; x_wconf 75' lang='lat' dir='ltr'><strong>aurificinae</strong></span> <span class='ocrx_word' id='word_1_317' title='bbox 485 2537 672 2582; x_wconf 88' lang='lat' dir='ltr'><strong>principe,</strong></span> <span class='ocrx_word' id='word_1_318' title='bbox 698 2543 734 2571; x_wconf 84' lang='lat' dir='ltr'><strong>et</strong></span> <span class='ocrx_word' id='word_1_319' title='bbox 759 2536 989 2571; x_wconf 77' lang='lat' dir='ltr'><strong>Theodoreto</strong></span> <span class='ocrx_word' id='word_1_320' title='bbox 1016 2537 1247 2576; x_wconf 81' lang='lat' dir='ltr'><strong>cubiculario,</strong></span> <span class='ocrx_word' id='word_1_321' title='bbox 1273 2541 1309 2569; x_wconf 86' lang='lat' dir='ltr'><strong>et</strong></span> <span class='ocrx_word' id='word_1_322' title='bbox 1334 2536 1518 2570; x_wconf 87' lang='lat' dir='ltr'><strong>Demetrio</strong></span> 
     </span>
     <span class='ocr_line' id='line_1_41' title="bbox 81 2579 1516 2622; baseline 0.003 -12"><span class='ocrx_word' id='word_1_323' title='bbox 81 2579 167 2622; x_wconf 80' lang='lat' dir='ltr'><strong>regii</strong></span> <span class='ocrx_word' id='word_1_324' title='bbox 194 2579 268 2611; x_wconf 80' lang='lat' dir='ltr'><strong>fisci</strong></span> <span class='ocrx_word' id='word_1_325' title='bbox 295 2582 447 2621; x_wconf 85' lang='lat' dir='ltr'><strong>notario,</strong></span> <span class='ocrx_word' id='word_1_326' title='bbox 473 2587 509 2615; x_wconf 86' lang='lat' dir='ltr'><strong>et</strong></span> <span class='ocrx_word' id='word_1_327' title='bbox 533 2583 680 2617; x_wconf 80' lang='lat' dir='ltr'><strong>Nicolao</strong></span> <span class='ocrx_word' id='word_1_328' title='bbox 700 2584 854 2618; x_wconf 84' lang='lat' dir='ltr'><strong>Cubatze</strong></span> <span class='ocrx_word' id='word_1_329' title='bbox 883 2584 1125 2618; x_wconf 60' lang='lat' dir='ltr'><strong>a&#39;l‘heorbeto</strong></span> <span class='ocrx_word' id='word_1_330' title='bbox 1153 2583 1257 2617; x_wconf 82' lang='lat' dir='ltr'><strong>officii</strong></span> <span class='ocrx_word' id='word_1_331' title='bbox 1285 2583 1425 2616; x_wconf 83' lang='lat' dir='ltr'><strong>notario</strong></span> <span class='ocrx_word' id='word_1_332' title='bbox 1451 2581 1516 2614; x_wconf 87' lang='lat' dir='ltr'><strong>de-</strong></span> 
     </span>
     <span class='ocr_line' id='line_1_42' title="bbox 76 2624 1518 2679; baseline 0.003 -22"><span class='ocrx_word' id='word_1_333' title='bbox 76 2624 171 2658; x_wconf 86' lang='lat' dir='ltr'><strong>latae</strong></span> <span class='ocrx_word' id='word_1_334' title='bbox 214 2631 315 2668; x_wconf 86' lang='lat' dir='ltr'><strong>sunt;</strong></span> <span class='ocrx_word' id='word_1_335' title='bbox 349 2627 531 2674; x_wconf 82' lang='lat' dir='ltr'><strong>iidemque</strong></span> <span class='ocrx_word' id='word_1_336' title='bbox 569 2632 720 2664; x_wconf 84' lang='lat' dir='ltr'><strong>convicti</strong></span> <span class='ocrx_word' id='word_1_337' title='bbox 759 2631 965 2664; x_wconf 85' lang='lat' dir='ltr'><strong>verberibus</strong></span> <span class='ocrx_word' id='word_1_338' title='bbox 997 2643 1128 2675; x_wconf 86' lang='lat' dir='ltr'><strong>poenas</strong></span> <span class='ocrx_word' id='word_1_339' title='bbox 1165 2630 1365 2670; x_wconf 81' lang='lat' dir='ltr'><strong>dederunt,</strong></span> <span class='ocrx_word' id='word_1_340' title='bbox 1392 2634 1429 2662; x_wconf 85' lang='lat' dir='ltr'><strong>et</strong></span> <span class='ocrx_word' id='word_1_341' title='bbox 1454 2640 1518 2679; x_wconf 76' lang='lat' dir='ltr'><strong>per</strong></span> 
     </span>
     <span class='ocr_line' id='line_1_43' title="bbox 76 2672 1516 2713; baseline 0.004 -9"><span class='ocrx_word' id='word_1_342' title='bbox 76 2672 227 2706; x_wconf 81' lang='lat' dir='ltr'><strong>mediam</strong></span> <span class='ocrx_word' id='word_1_343' title='bbox 256 2673 378 2707; x_wconf 85' lang='lat' dir='ltr'><strong>urbem</strong></span> <span class='ocrx_word' id='word_1_344' title='bbox 403 2674 514 2709; x_wconf 80' lang='lat' dir='ltr'><strong>delati</strong></span> <span class='ocrx_word' id='word_1_345' title='bbox 542 2683 633 2712; x_wconf 88' lang='lat' dir='ltr'><strong>sunt.</strong></span> <span class='ocrx_word' id='word_1_346' title='bbox 683 2677 934 2713; x_wconf 80' lang='lat' dir='ltr'><strong>Theodoretus</strong></span> <span class='ocrx_word' id='word_1_347' title='bbox 951 2683 1069 2713; x_wconf 88' lang='lat' dir='ltr'><strong>autem</strong></span> <span class='ocrx_word' id='word_1_348' title='bbox 1094 2678 1239 2712; x_wconf 75' lang='lat' dir='ltr'><strong>seorsim</strong></span> <span class='ocrx_word' id='word_1_349' title='bbox 1267 2676 1313 2710; x_wconf 73' lang='lat' dir='ltr'><strong>ad</strong></span> <span class='ocrx_word' id='word_1_350' title='bbox 1338 2675 1516 2712; x_wconf 77' lang='lat' dir='ltr'><strong>Trichon-</strong></span> 
     </span>
    </p>
   </div>
   <div class='ocr_carea' id='block_1_5' title="bbox 1219 2750 1263 2785">
    <p class='ocr_par' dir='ltr' id='par_1_10' title="bbox 1219 2750 1263 2785">
     <span class='ocr_line' id='line_1_44' title="bbox 1219 2750 1263 2785; baseline 0.045 -2"><span class='ocrx_word' id='word_1_351' title='bbox 1219 2750 1263 2785; x_wconf 82' lang='lat'><strong>20</strong></span> 
     </span>
    </p>
   </div>
   <div class='ocr_carea' id='block_1_6' title="bbox 152 2746 526 2784">
    <p class='ocr_par' dir='ltr' id='par_1_11' title="bbox 152 2746 526 2784">
     <span class='ocr_line' id='line_1_45' title="bbox 152 2746 526 2784; baseline 0.005 -4"><span class='ocrx_word' id='word_1_352' title='bbox 152 2746 223 2781; x_wconf 80' lang='lat' dir='ltr'><strong>Leo</strong></span> <span class='ocrx_word' id='word_1_353' title='bbox 252 2749 526 2784; x_wconf 78' lang='lat' dir='ltr'><strong>Grammaticus.</strong></span> 
     </span>
    </p>
   </div>
  </div>
 </body>
</html>
