1838 3132
307 125 400 169 330
737 131 924 172 morus
963 122 1304 174 GRAMMATl-'Ct

305 233 491 285 σθησαν,
518 230 541 270 ὁ
568 232 645 282 μὲν
674 232 885 284 Στέφανος
911 232 970 279 εἷς
997 228 1295 286 Προικόνησον,
1326 230 1405 273 α’πὸ
1434 233 1479 274 δὲ
1499 230 1734 287 Προικονὴ-

303 312 380 338 σου
409 297 468 345 εἷς
489 294 642 348 Ῥόδον,
671 294 752 336 α’πὸ
782 297 828 338 δὲ
852 293 994 338 Ῥόδου
1015 299 1074 344 εἰς
1094 298 1351 352 Μιτυλήνην,
1378 293 1398 336 ὅ
1422 299 1476 339 δὲ
1504 301 1735 341 Κωνσταν-

302 366 408 411 τῖνος
435 363 495 410 εἰς
527 362 717 413 Τένεδον,
760 362 917 403 ἐκεῖθεν
945 363 1003 411 εἰς
1025 363 1319 417 Σαμοθρᾴκην,
1354 364 1399 404 ἐν
1427 357 1452 419 ᾗ
1480 362 1559 406 καὶ,
1577 363 1738 419 ἀνταρ-

264 430 397 469 Βσίαν
411 425 641 480 μελετήσας
658 426 762 468 κατὰ
788 429 871 468 τῶν
888 426 1011 469 αύτὸν
1032 427 1332 482 φυλασσόντων
1359 426 1534 484 ἐσφάγη.
1559 427 1738 484 Μιχαὴλ

300 494 347 534 δὲ
374 491 446 533 τὸν
482 494 554 533 τοῦ
584 490 884 548 Χριστοφόρου
911 495 1117 545 βασιλέως
1144 491 1250 546 υἱόν,
1283 491 1333 535 τὰ
1361 493 1558 548 βασιλικὰ
1585 495 1770 537 uscham

303 555 579 613 ἀφελόμενος,
602 556 803 612 ’κληρικόν
828 559 1062 614 πεποίηκεν.
1099 556 1212 607 ὄντος
1239 561 1284 602 δὲ
1314 562 1390 602 τοῦ
1405 561 1610 611 βασιλέως
1633 558 1738 603 Ῥω·

299 626 440 675 μανοῦ
467 623 512 664 ἒν
527 624 580 681 τῇ
605 621 715 680 νήσῳ
740 621 762 664 ὅ
783 623 1044 680 πατριάρχης
1069 624 1363 679 Θεοφύλακτος
1387 626 1459 667 καί
1480 623 1738 681 Θεοφάνηςὸ

302 690 515 742 πατρίκιος
542 688 610 730 καὶ
638 689 1006 743 παρακοιμαὶμενος
1031 688 1187 744 βουλὴν
1214 689 1511 743 ἐβουλεύσαντο
1535 687 1639 732 ὥστε
1659 689 1739 732 πά.-

302 757 367 794 λιν
395 756 538 796 τοῦτον
565 755 610 796 ἐν
644 757 702 810 τῷ
730 758 914 811 παλατίῳ
956 756 1148 809 α’γαγεΐν·
1204 755 1256 812 ἢν
1282 759 1353 798 καί
1377 757 1490 814 αὐτῷ
1517 755 1738 801 ἀνακοινω-

301 815 476 872 σάμενοι
504 819 575 861 καὶ
598 823 932 874 παραπείσαντες
956 822 1100 862 τοῦτον
1129 820 1448 876 ἑκαιροσκόπουν
1465 821 1565 864 πότε
1596 820 1640 864 τὸ
1668 823 1741 864 πέ-
1753 832 1797 867 10

300 901 379 938 ρας
407 886 454 941 τῇ
485 886 655 943 τοιαύτῃ
683 888 818 943 βουλῇ
847 887 1134 941 ἐπιθήσουσιν.
1210 888 1302 930 ἐπεὶ
1328 890 1374 930 δὲ
1402 888 1452 930 τὰ
1482 890 1555 944 τῆς
1579 888 1738 942 βουλῆς

300 951 589 1006 ἐφωράθησαν
617 951 688 993 καί
706 951 973 1007 κατεμηνύθη
986 955 1288 1011 Κωνσταντίνῳ
1304 957 1490 1008 βασιλεῖ’,
1514 951 1615 1003 τούς
1638 968 1740 997 σω.-

299 1015 448 1069 εργυὺς
488 1015 640 1071 ταύτης
675 1017 854 1071 ἠμύνετο
877 1034 888 1045 ·
945 1016 1018 1059 τὸν
1047 1019 1124 1071 μὲν
1145 1018 1368 1074 Θεοφάνην
1394 1021 1613 1074 πατρίκιον
1639 1016 1740 1069 ἐξεό-

302 1096 434 1134 ρισεν,
461 1079 532 1123 τὸν
576 1083 622 1124 δὲ
662 1083 1042 1138 πρωτοσπαθάριον
1070 1086 1111 1126 Γ
1110 1081 1282 1138 εώργιον
1325 1084 1399 1126 καί
1424 1086 1642 1139 πινκὲρνην
1668 1085 1742 1133 καί

255 1154 283 1187 C
305 1148 463 1199 Θωμᾶν
493 1146 760 1202 πριμικήριον
779 1148 920 1202 δείρας
950 1150 1023 1190 καί
1048 1147 1279 1204 κουρεύσας
1311 1152 1384 1192 καί
1406 1152 1533 1203 μέσον
1559 1151 1635 1203 τῆς
1659 1147 1739 1191 πὸ-
1753 1152 1796 1186 15

301 1217 403 1263 λεως
430 1214 741 1268 θριαμβεύσας,
776 1211 904 1263 οὕτως
924 1213 1125 1272 ὕπεροριίῥ
1151 1217 1438 1269 παρέπεμψεν.
1486 1216 1738 1272 ,Δεκεμβρίῳ

301 1279 347 1318 δὲ
375 1278 494 1333 μηνί,
524 1277 556 1326 ς’
587 1280 864 1330 ἰνὸικτιαῖνος,
895 1279 1119 1335 ἐπιβουλήν
1146 1295 1254 1329 τινες
1291 1280 1394 1323 κατὰ
1432 1281 1509 1322 τοῦ
1534 1283 1740 1339 βασιλέως

298 1344 615 1386 Κωνσταντίνου
652 1346 913 1400 ἐμελέτησαν,
947 1346 1194 1399 βουλόμενοι
1221 1344 1293 1388 τὸν
1321 1348 1498 1399 βασιλέα
1529 1347 1742 1402 Στέφανον

301 1409 346 1450 ἑν
373 1411 430 1465 τῷ
459 1413 643 1467 παλατίῳ
676 1413 721 1452 ἐκ
752 1412 826 1465 τῆς
856 1411 984 1466 νήσου
1025 1413 1206 1466 ἀγαγεῖν.
1261 1411 1411 1467 ταύτης
1439 1407 1513 1455 οὖν
1537 1413 1741 1466 μηνυθεί-

304 1491 379 1530 σης
409 1477 712 1533 Κωνσταντίνῳ
755 1476 824 1519 διὰ
869 1477 1054 1532 Μιχαὴλ
1099 1481 1178 1520 τοῦ
1224 1478 1480 1531 Διαβολίνου
1506 1479 1738 1531 »λεγομένου
1749 1482 1796 1517 20

301 1538 395 1588 τούς
421 1542 670 1594 ἐπιβούλους
712 1545 858 1599 δαρμῷ
898 1542 1094 1600 α’φορήτῳ
1136 1543 1378 1597 ὖπέβαλενν
1436 1541 1533 1592 τούς
1562 1544 1640 1596 μὲν
1667 1539 1740 1591 τοῖς

302 1605 418 1659 ῥῖνας
458 1609 532 1648 καί
567 1606 618 1649 τὰ
650 1604 739 1650 ὦτα
761 1611 987 1661 α’πέτεμεν,
1013 1611 1085 1650 καί
1127 1603 1238 1657 ὄνοις
1265 1610 1488 1663 ἑγκαθιῖτας
1513 1606 1583 1650 διὰ
1611 1608 1741 1662 μέσης

300 1673 370 1726 τῆς
398 1671 555 1721 πόλεως
593 1672 910 1729 ἐθριάμβευσεν.
984 1676 1144 1731 πέμπτῃ
1191 1676 1237 1717 δὲ
1278 1673 1350 1716 καί
1388 1676 1534 1731 δεκάτῃ
1565 1672 1737 1719 Ἰουλίου

301 1854 480 1883 conesum,
506 1847 542 1876 et
565 1854 585 1876 a
612 1843 829 1877 Proeeoneso
857 1844 1029 1886 Rhodum,
1062 1857 1081 1878 e
1110 1845 1232 1879 Rhodo
1258 1846 1413 1891 denique
1444 1846 1481 1878 in
1505 1845 1735 1889 Mitylenem3

301 1890 553 1923 Constantinus
595 1895 711 1923 autem
743 1891 780 1923 in
809 1891 1017 1933 Tenedum,
1052 1898 1088 1925 et
1113 1892 1196 1925 inde
1220 1893 1257 1925 in
1282 1892 1565 1933 Samothraciam,
1594 1891 1632 1926 in
1665 1903 1735 1938 qua

299 1937 492 1969 tumultum
536 1942 571 1969 et
607 1936 819 1970 seditionem
842 1938 1005 1971 adversus
1034 1939 1196 1972 custodes
1224 1939 1442 1978 machinatus
1469 1938 1512 1971 ab
1549 1939 1599 1972 eis
1623 1939 1735 1973 truci·
1781 1947 1785 1950 ”

300 1982 402 2015 datus
429 1989 492 2016 est.
553 1983 707 2016 Michael
732 1990 874 2026 autem,
903 1985 1147 2030 christophori
1179 1986 1399 2030 imperatoris
1425 1985 1548 2025 filium,
1568 1985 1735 2019 detractis

299 2029 545 2074 imperialibus
574 2030 700 2063 calceis
725 2031 888 2064 clericum
916 2044 989 2065 esse
1015 2033 1128 2065 iussit.
1156 2038 1309 2065 ceterum
1335 2033 1491 2064 Romano
1522 2033 1734 2077 imperatore

298 2075 336 2108 in
361 2076 543 2120 praedicta
567 2077 682 2109 insula
707 2085 880 2119 morante,
904 2079 1194 2124 Theophylactus
1219 2078 1413 2124 patriarcha
1439 2084 1476 2111 et
1493 2077 1733 2123 Theophanes

298 2123 467 2167 patricius
493 2129 529 2156 et
553 2124 734 2157 accubitor
769 2125 927 2159 inierunt
959 2126 1146 2158 consilium
1182 2132 1221 2158 ut
1255 2137 1334 2158 eum
1360 2137 1476 2158 rursus
1501 2126 1536 2158 in
1560 2125 1733 2170 palatium

297 2169 501 2202 eveherent.
560 2181 596 2202 re
633 2171 699 2215 ipsi
740 2173 996 2206 conununicata
1034 2178 1070 2205 et
1105 2183 1290 2217 persuasa,
1326 2178 1465 2217 tempus
1499 2171 1734 2217 explorabant

299 2215 533 2256 commodum,
559 2228 630 2262 quo
658 2219 808 2250 consilio
829 2219 936 2251 finem
963 2220 1197 2264 imponerent.
1247 2230 1289 2251 eo
1317 2224 1432 2252 tamen
1460 2218 1601 2252 detecto
1626 2224 1662 2252 et.
1685 2217 1732 2251 ad

302 2263 577 2296 Constantinum
591 2265 840 2308 imperatorem
866 2266 999 2305 delato,
1027 2270 1207 2298 consortes
1228 2266 1302 2298 eius
1328 2267 1452 2310 poenis
1478 2265 1608 2298 debitis
1635 2265 1732 2298 ultus

299 2315 363 2341 est.
411 2309 670 2355 Theophanem
708 2313 897 2356 patricium
924 2314 1020 2345 misit
1044 2313 1080 2345 in
1105 2312 1262 2352 exilium,
1302 2312 1623 2358 protospatharium
1646 2323 1730 2345 vero

298 2356 489 2399 Georgium
517 2362 553 2390 et
578 2358 781 2401 pincernam
811 2365 846 2392 et
873 2359 1047 2393 Thomam
1071 2359 1305 2403 primicerium
1335 2359 1541 2392 verberibus
1563 2359 1731 2392 multatos

299 2408 335 2435 et
351 2402 520 2436 detonsos
536 2415 671 2450 perque
691 2405 840 2438 mediam
857 2407 978 2439 urbem
997 2405 1176 2439 traductos
1192 2406 1312 2438 exules
1328 2406 1519 2452 deportari.
1545 2404 1730 2441 Decembri

298 2460 381 2482 vero
398 2461 531 2491 mense,
557 2450 755 2490 indictione
782 2458 893 2494 sexta,
908 2452 1074 2486 adversus
1088 2452 1358 2485 Constantinum
1374 2454 1621 2498 imperatorem
1635 2457 1730 2485 stru-

299 2496 364 2528 ctis
386 2496 525 2529 insidiis
539 2497 755 2542 Stephanum
782 2500 1027 2544 imperatorem
1045 2510 1087 2531 ex
1115 2499 1230 2531 insula
1255 2505 1394 2532 erutum
1416 2501 1452 2532 in
1475 2499 1650 2544 palatium
1673 2497 1732 2530 in-

302 2542 430 2575 ducere
455 2544 571 2577 moliti
599 2550 691 2577 sunt.
740 2546 878 2578 insidiis
903 2546 1139 2580 Constantino
1163 2545 1398 2580 manifestatis
1436 2557 1499 2591 per
1522 2544 1731 2578 Michaelem

302 2590 446 2622 nomine
472 2589 715 2631 Diabolinum‚
744 2599 904 2625 auctores
929 2591 1161 2626 intolerandis
1178 2592 1330 2626 subiecit
1352 2592 1576 2634 verberibus3
1601 2596 1638 2624 et
1665 2589 1731 2624 hos

303 2635 446 2679 quidem
474 2638 641 2681 praecisis
668 2639 823 2677 naribus,
852 2641 941 2672 ulios
968 2638 1112 2672 auribus
1150 2639 1318 2672 multatos
1343 2640 1523 2685 asinisque
1546 2637 1731 2682 impositos

303 2693 366 2726 per
391 2683 542 2718 mediam
566 2684 689 2719 urbem
712 2685 880 2720 traduxit.
906 2692 1061 2721 ceterum
1081 2685 1163 2719 iulii
1190 2687 1319 2719 mensis
1344 2685 1402 2720 die
1426 2686 1561 2720 decimo
1589 2684 1731 2732 quinto,
