1838 3132
335 124 431 174 466
891 133 1220 172 EUSTATmth

333 233 570 282 μαίνεσθαι.
628 229 684 278 ὥς
711 230 755 270 δὲ
784 226 902 283 ἡμεῖς
943 230 1135 286 ἠρόμεθα
1168 233 1214 272 τί
1236 229 1292 286 τόι
1314 230 1447 273 αἴτιον
1473 236 1547 274 τοῦ
1575 234 1770 288 φονευτέ-

334 312 405 345 ους
434 295 542 351 ἡμᾶς
571 291 698 346 εἶναι,
740 298 885 350 πρῶτα
924 298 1002 348 μὲν
1030 299 1248 349 θυμωθείς
1277 295 1404 346 αὐτὸς
1431 298 1489 347 εἰς
1519 301 1640 340 πλέον
1670 301 1767 341 έπέ-

332 377 468 416 κριιέν
499 360 581 412 ὥς,
612 359 726 414 εἴπερ
755 360 880 409 αὐτὸς
918 359 994 416 τὴν
1025 361 1164 417 ἀρχὴν
1197 361 1297 416 ἡμῖν
1324 365 1577 417 περιέτυχεν,
1608 363 1684 405 οὒκ
1714 361 1766 406 ἄν

332 423 426 480 ιῖρτι
466 426 649 482 κεφαλήν
688 425 866 481 εἴχομεν,
894 423 983 468 εἶτα
1012 429 1082 470 καί
1111 429 1399 483 αἰτιολογήσας
1427 427 1498 470 τὸν
1526 431 1622 470 καθ’
1650 427 1767 483 ἡμῶν

330 493 489 543 θυμόν,
538 491 730 546 ἐπέραινε
769 492 845 546 τὴν
895 489 1029 534 adro&
1057 497 1209 548 σοφίαν
1251 494 1310 542 εἷς
1349 492 1395 535 τό
1430 493 1629 543 ἀπίστους
1658 494 1800 549 ἡμᾶς-5

329 553 437 598 εἶναι
468 560 551 615 θεῷ
582 554 649 600 οἶα
669 559 724 614 τῷ
747 554 993 616 Ἀνδρονίκῳ
1012 557 1181 607 πιστούς
1198 577 1207 587 ·
1237 558 1341 614 πρὸς
1361 557 1466 613 ἅπερ
1493 559 1612 615 ἡμεῖς
1640 559 1766 603 ὑπου-

331 621 588 678 λευσάμενοι,
615 625 688 665 καί
715 624 879 666 ποικίλα
907 623 1156 679 λαλήσαντες
1182 619 1209 680 ἢ
1238 625 1538 680 λαλαγῆσαντες
1559 624 1666 680 πρὸςΥ
1693 621 1768 667 ἇν-

251 696 318 730 295
332 690 411 743 δρα
441 688 689 742 μαινόμενον
739 690 982 745 (ἠγαπῶμεν
1009 690 1086 744 γὰρ
1129 688 1241 744 ἔχειν
1268 691 1499 746 κεφαλήν),
1528 690 1648 745 μόλις
1677 692 1768 746 ἐξη-

328 753 577 807 μερώσαμεν
604 754 675 796 τόν
703 755 931 797 α’τίθασσον
950 790 960 810 ,
990 755 1046 804 ὥς
1074 757 1146 797 καί
1174 754 1447 799 ἀσπάσασθαι
1476 754 1585 812 ἡμᾶς
1611 757 1682 799 καί
1709 758 1768 805 εἰς

329 827 455 874 χεῖρα
483 819 714 875 φιλήσαντα
744 819 950 874 οἴχεσθαι.
1782 831 1824 865 10

443 888 533 928 Kal
579 883 711 934 οὕτως
751 886 870 940 ἡμεῖς
902 902 947 928 τε
991 887 1115 930 νύκτα
1152 888 1425 943 καταθετικὴν
1465 886 1663 944 εὕρομεν,
1688 890 1768 934 τῶν

330 951 485 993 ἐκείνου
517 951 655 1008 δᾴδων
687 953 758 994 καὶ
786 951 923 994 λάλων
954 953 1257 1007 ἀπαλλαγέντες
1282 956 1468 1008 χειλέων,
1498 955 1571 996 καί
1597 953 1766 1010 οἱϊσυγ-

330 1021 648 1071 κατεστρωμένοι
673 1015 934 1072 αἰχμάλωτοι
959 1021 1000 1068 ἐς
1018 1021 1255 1074 Κομνηνοῦ.
1313 1020 1385 1062 καί
1401 1019 1667 1075 διαγαγόντες
1685 1021 1771 1063 ἐκεῖ

327 1081 433 1134 μετα
461 1086 541 1124 τῶν
570 1085 925 1136 συναιχμαλώτων
953 1084 1112 1138 ἡμέρας
1135 1084 1288 1138 ὀλίγας,
1320 1088 1394 1126 καί
1413 1103 1452 1127 τι
1481 1086 1552 1127 καί
1579 1087 1768 1141 ἐλεηθέν-

329 1164 395 1196 τες
428 1149 498 1203 ἐἷς
526 1148 708 1203 τροφήν,
742 1151 812 1190 ναί
840 1150 884 1191 δὲ
915 1147 995 1190 ὑπό
1027 1164 1136 1198 τινος
1173 1152 1253 1191 τῶν
1283 1152 1440 1193 ἐκείνου
1475 1150 1547 1192 καί
1572 1151 1633 1199 εἷς
1658 1148 1768 1204 χάλ-
1782 1159 1824 1194 15

329 1230 402 1255 κεα
434 1216 633 1267 κέρματα,
663 1208 722 1254 ὧν
747 1213 773 1267 ἦ
802 1211 918 1263 δόσις
946 1214 1045 1268 ἡμῖν
1076 1217 1299 1269 τηνικαῦτα
1327 1217 1385 1265 εἰς
1411 1216 1657 1271 θησαυροὺς
1683 1218 1768 1260 ἐνε-

330 1280 471 1334 γράφη
504 1282 690 1332 Κροίσου
724 1281 814 1334 (καί
844 1279 1013 1333 ἐλεῆσαι
1051 1278 1071 1320 ὁ
1102 1278 1200 1329 θεὸς
1228 1282 1380 1322 ἐκεῖνον
1407 1279 1476 1323 τόν
1502 1277 1768 1339 ἄνθρωπον),

333 1341 422 1386 εἶτα
450 1348 522 1386 καί
558 1347 616 1393 εἰς
652 1343 746 1394 τούς
773 1343 965 1396 κόντους,
997 1347 1125 1386 εἰπεῖν
1165 1347 1211 1387 δὲ
1241 1349 1557 1401 συνηθέστερον,
1585 1345 1768 1403 κόμητας

334 1412 464 1465 (μισῶ
489 1409 568 1465 γάρ
598 1408 641 1452 τὸ
675 1410 863 1464 ἀκράτως
890 1411 1123 1466 βάρβαρον)
1157 1411 1449 1466 ἐκομίσθημεν.
1662 1459 1671 1469 r

460 1472 545 1518 Ἔτι
582 1477 925 1532 κεφαλαιώσομαι
972 1477 1044 1518 καί
1086 1474 1150 1517 ὅτι
1191 1476 1488 1528 αέθλεύσαντες
1527 1478 1669 1533 μακρὰ
1701 1480 1823 1526 καίρο

332 1544 439 1595 ἐκεῖ,
474 1542 595 1595 μόλις
641 1539 744 1594 μετὰ
789 1545 859 1583 καί
900 1542 1058 1597 ἡμέρας
1092 1545 1263 1596 μετρίας
1299 1546 1357 1601 τῷ
1393 1546 1471 1586 τοῦ
1519 1544 1637 1599 ἁγίου
1674 1543 1770 1604 οἴκῳ

333 1609 692 1662 αἰιοκατέστημεν·
781 1610 852 1648 καί
892 1605 956 1649 δ’τι
1007 1607 1197 1664 εὖρόντες
1248 1611 1336 1651 ἐκεῖ
1377 1613 1490 1664 φῦλα
1534 1611 1770 1663 Λατινικοῖ,

332 1676 403 1715 καί
442 1670 632 1727 ἓτεροίων
677 1674 721 1714 δὲ
761 1672 995 1726 α’νθριόπων
1036 1677 1212 1727 γέμοντα
1259 1674 1410 1723 ἰδόντες
1444 1675 1492 1717 τά
1524 1691 1567 1717 τε
1595 1672 1680 1718 ἄνω
1722 1677 1771 1718 τά

333 1754 377 1780 τε
425 1740 558 1792 κάτω,
600 1740 643 1788 ἐξ
689 1737 864 1793 α’νοέγκης
907 1736 1134 1792 ἐγενόμεθα
1162 1742 1235 1782 τοῦ
1261 1739 1364 1781 κατὰ
1394 1740 1464 1783 τόν
1500 1739 1609 1784 οἶκον
1646 1758 1768 1798 κηπι-

337 1888 472 1921 saevire
497 1887 735 1932 cognovimus.
787 1887 910 1932 itaque
938 1899 1044 1933 quum
1069 1889 1373 1933 quaesivissemus,
1399 1890 1486 1935 quid
1513 1901 1638 1923 causae
1665 1897 1769 1932 esset,

338 1946 398 1968 cur
422 1934 609 1967 occidendi
635 1933 846 1972 videremur,
876 1934 1022 1978 primum
1050 1936 1154 1968 etiam
1172 1936 1417 1969 vehementius
1445 1937 1686 1978 exacerbatus,
1712 1949 1768 1970 re-

338 1980 494 2025 spondit,
518 1981 545 2014 si
572 1981 649 2025 ipse
675 1981 792 2013 statim
820 1980 863 2012 ab
889 1981 991 2013 initio
1028 1993 1092 2014 nos
1118 1982 1322 2022 invenisset,
1347 1995 1419 2016 non
1445 1985 1512 2016 iam
1537 1984 1638 2017 nobis
1663 1990 1769 2030 caput

338 2028 471 2061 salvum
505 2027 660 2060 futurum
688 2027 816 2067 fuisse,
843 2026 974 2060 deinde
998 2039 1136 2068 causas,
1163 2040 1223 2062 cur
1259 2029 1342 2062 odio
1373 2040 1437 2062 nos
1464 2029 1622 2070 liaberet,
1650 2031 1767 2076 expli-

339 2086 442 2115 cans,
478 2074 673 2107 doctrinam
710 2085 807 2106 suam
843 2085 884 2108 eo
911 2074 1070 2115 deduxit,
1106 2081 1147 2109 ut
1177 2087 1242 2108 nos
1265 2075 1430 2109 adversus
1464 2076 1568 2110 deum
1602 2077 1768 2122 perfidos,

339 2122 472 2168 quippe
496 2120 584 2154 fidos
611 2119 811 2153 Andronico
847 2121 1000 2154 diceret:
1027 2128 1146 2155 contra
1172 2133 1260 2167 quae
1285 2133 1349 2155 nos
1374 2127 1466 2156 tecte
1493 2124 1707 2168 disputando
1732 2130 1768 2158 et

337 2170 431 2201 varia
458 2179 534 2200 cum
561 2167 624 2200 illo
649 2167 832 2211 loquendo
859 2167 1124 2213 fabulandoque
1147 2170 1276 2213 (carum
1303 2169 1395 2202 enirn
1423 2169 1527 2203 nobis
1545 2176 1651 2215 caput
1678 2175 1767 2213 erat)

339 2225 440 2258 aegre
466 2213 608 2247 tandem
633 2214 681 2246 ita
708 2214 942 2258 mitigavimus
967 2214 1143 2248 hominem
1163 2215 1326 2256 ferocem,
1357 2221 1394 2249 ut
1410 2217 1682 2262 amplecteretur
1702 2229 1767 2251 nos

342 2267 379 2294 et
403 2271 544 2293 manum
575 2259 800 2299 deosculatus
825 2260 1031 2294 discederet.
1765 2277 1771 2282 ·

430 2308 483 2340 Ita
506 2313 647 2341 noctem
671 2308 828 2351 quietam
854 2313 928 2341 tum
955 2308 1023 2352 ipsi
1048 2307 1142 2340 nacti
1167 2318 1295 2347 sumus,
1320 2308 1418 2341 illius
1443 2309 1578 2343 facibus
1591 2311 1766 2357 nugisque

341 2353 504 2394 liberati,
529 2359 603 2388 tum
636 2354 766 2398 captivi
795 2355 901 2387 ceteri
930 2354 1111 2387 nobiscum
1141 2353 1308 2387 cubantes
1346 2356 1383 2389 in
1409 2355 1556 2390 aedibus
1581 2357 1764 2391 Comneni.

338 2400 387 2433 ibi
411 2411 488 2434 cum
522 2400 625 2434 sociis
651 2401 862 2444 captivitatis
898 2400 972 2434 dies
997 2401 1136 2446 aliquot
1172 2402 1298 2434 versati
1326 2407 1362 2435 et
1387 2403 1551 2436 nonnihil
1575 2405 1766 2438 sustentati

340 2447 433 2488 cibo,
458 2459 477 2480 a
502 2445 655 2492 quodam
694 2446 962 2480 domesticorum
1001 2447 1089 2480 adeo
1114 2447 1226 2480 numis
1262 2449 1382 2482 aeneis
1407 2448 1541 2490 donati,
1570 2461 1642 2496 quo
1669 2450 1764 2484 dono

339 2500 414 2527 tum
439 2493 580 2527 divitias
615 2493 736 2526 Croesi
762 2495 854 2528 nacti
894 2494 998 2527 nobis
1022 2492 1228 2526 videbamur
1259 2496 1480 2538 (misereatur
1503 2497 1638 2530 utinam
1662 2497 1766 2531 vicis-

340 2541 405 2574 sim
428 2540 527 2573 illius
563 2539 713 2573 hominis
739 2540 864 2583 deus),
896 2546 1072 2586 postremo
1099 2539 1143 2572 ad
1169 2546 1312 2582 contos,
1333 2542 1430 2583 sive,
1455 2548 1494 2576 ut
1520 2543 1684 2577 usitatius
1710 2543 1765 2577 di-

341 2598 416 2620 cam
448 2586 523 2632 (odi
552 2587 644 2620 enim
671 2588 839 2623 sermonis
863 2588 1004 2620 nimiam
1033 2585 1270 2629 barbariem),
1296 2589 1441 2622 comites
1465 2589 1610 2624 deducti
1632 2601 1762 2624 snmus.

431 2632 636 2667 Memorabo
657 2631 726 2666 hoc
744 2644 887 2679 quoque
911 2634 1031 2674 tribus,
1058 2633 1183 2675 verbis,
1205 2635 1316 2668 multa
1333 2636 1408 2668 illic
1423 2647 1564 2682 quoque
1582 2647 1764 2682 perpessos

341 2691 404 2712 nos
430 2679 487 2713 vix
525 2679 666 2714 tandem
701 2686 783 2725 post
819 2681 958 2726 aliquot
986 2680 1060 2714 dies
1087 2681 1125 2713 in
1161 2680 1266 2715 aedes
1305 2683 1416 2715 sancti
1448 2683 1559 2717 nostri
1583 2684 1763 2730 restitutos
