1838 3132
627 113 1118 162 cunonoenAan.
1485 104 1582 159 285

244 216 474 272 Ὀκτωβρίῳ
498 215 543 257 δὲ
571 214 673 270 μηνὶ
707 217 846 270 γέγονε
884 216 1064 270 πόλεμος
1103 215 1298 267 ναυτικὸς
1321 214 1485 274 Ἰμερίῳ
1514 220 1580 258 λο-

133 283 279 339 γοθὲτῃ
310 281 412 334 μετὰ
445 282 667 334 Δαμιανοῦ
694 282 768 322 καί
794 283 978 332 Λέοντος
1015 283 1100 325 τῶν
1125 283 1374 339 Ἀγαρηνῶν,
1403 299 1582 338 στρατη-

132 349 211 402 γοῦ
239 344 358 396 ὄντος
391 344 520 404 Σάμῳ
555 345 774 399 Ῥωμανοῦ
817 349 894 388 τοῦ
923 347 1028 400 μετὰ
1073 350 1207 391 ταῦτα
1237 348 1592 402 βασιλεύσαντος

131 411 291 469 ἡττήθη
336 414 383 455 δὲ
413 412 590 468 Ἱμέριος
631 413 706 454 καί
742 411 864 466 μόλις
901 414 1086 470 διεσώθη
1122 413 1273 469 σχεδὸν
1300 415 1468 458 πάντων
1495 418 1586 457 ἐκεῖ

94 477 499 524 5κινδυνευσοίντων.
564 473 718 534 ἤρξατο
764 480 811 521 δὲ
835 480 1135 534 νοσηλειῖεσθαι
1164 484 1290 524 Λέων
1328 478 1350 523 ὅ
1379 480 1581 536 βασιλεύς

129 547 327 602 κοιλιακῷ
352 542 550 600 νοσήματι
569 579 579 599 ,
619 541 727 587 ὥστε
756 543 816 600 μή
863 547 1091 602 δυνηθῆναι
1117 549 1298 599 ἐξελθεῖν
1325 549 1369 590 ἐν
1395 550 1448 606 τῇ
1476 550 1634 593 Mon-91

130 609 268 669 ναύρᾳ
296 610 372 666 τὴν
404 611 663 666 δημηγορίαν
690 613 941 667 διαλαλῆσαι
975 614 1020 654 ἐν
1046 614 1096 669 τῇ
1122 607 1234 670 α’ρρςῇ
1259 615 1341 655 τῶν
1367 615 1576 670 νηστειῶν.

129 679 270 731 γέγονε
294 678 341 719 δὲ
366 676 440 719 καί
465 675 711 732 ἐμπρησμὸς
753 679 812 727 εἰς
840 676 888 720 τὰ
920 677 1177 734 κηρουλάρια
1207 681 1282 734 τῆς
1308 678 1488 736 μεγάλης
1511 681 1578 722 ἐκ-

131 743 314 797 κλησιάς,
342 743 522 785 καέντων
546 745 629 784 τῶν
652 747 947 798 χαρτοθεσίων
973 743 1139 787 πάντων
1166 747 1239 787 καί
1265 748 1340 802 τῆς
1365 749 1635 802 ‹saxeum-92

76 821 119 856 ιο
134 810 263 867 Μαΐῳ
295 811 342 852 δὲ
380 806 575 866 ἑνδεκάτῃ
602 812 772 867 τελευτᾷ
812 811 939 853 Λέων
969 807 990 852 ὃ
1023 811 1220 865 βασιλεῦς
1248 812 1576 868 προχειρισάμε-
1588 813 1701 850 P-487

127 891 197 926 νος
218 875 492 930 Ἀλέξανδρον
520 874 594 918 τόν
625 873 759 919 αὐτοῦ
787 873 996 934 ἀδελφόν·
1026 875 1074 920 ὃν
1103 878 1226 931 ἰδών,
1258 874 1315 928 ὥς
1344 895 1463 935 φασι,
1491 880 1577 922 εἰσ-

127 941 358 997 ερχόμενον
401 939 507 997 πρὸς
539 941 671 984 αὐτὸν
707 941 790 998 ἔφη
829 942 920 986 “we
952 942 974 985 ὅ
1013 943 1139 996 κακὸς
1172 943 1319 1000 καιρὸς
1346 945 1452 998 μετὰ
1483 947 1580 996 τούς

127 1007 396 1062 τρισκαίδεκα
431 1010 566 1063 μῆνας
581 1010 618 1063 ,”
657 1007 785 1051 πολλοὶ
828 1009 1113 1065 ἐκλιπαρῆσας
1151 1009 1225 1054 καί
1251 1012 1416 1068 δεηθείς
1446 1014 1576 1056 αιῖτοο

127 1075 352 1131 φυλάττειν
377 1072 445 1116 τὸν
470 1071 564 1116 υἱὸν
593 1074 724 1117 αὐτοῦ
751 1077 1081 1119 Κωνσταντῖνον.

72 1206 115 1241 1⁵
722 1197 976 1245 Ἀλέξανδρος.

237 1289 506 1341 Ἀλέξανδρος
544 1289 816 1342 ἐβασίλευσεν
851 1287 943 1339 ἔτος
970 1287 1016 1330 ἓν
1044 1289 1204 1345 ἡμέρας
1245 1288 1315 1333 κθ”
1340 1289 1419 1333 σὺν
1447 1292 1577 1332 Κων-

121 1356 325 1412 ’σταντίνῳ
373 1353 452 1411 υἱῷ
482 1356 680 1403 Λέοντος.
747 1355 993 1404 ἀποστείλας
1035 1357 1082 1398 δὲ
1110 1352 1261 1411 ἤγαγεν
1291 1355 1500 1401 Νικόλαον
1530 1358 1578 1399 ἐκ

127 1423 168 1463 Γ
167 1421 412 1474 αλακρινῶν,
442 1418 687 1474 καταγαγών
702 1418 927 1474 Εὕθύμιον
954 1423 1232 1477 πατριάρχην,
1263 1423 1335 1464 καί
1363 1423 1573 1475 ἐνεθρόνι·
1586 1433 1633 1468 93

125 1502 197 1528 σεν
226 1486 272 1527 τὸ
303 1487 499 1540 δεύτερον
536 1487 672 1528 αυ’τοῦ’
700 1486 922 1529 Νικόλαον.
991 1489 1155 1543 ἐποίησε
1191 1490 1238 1530 δὲ
1265 1488 1474 1530 σελὲντιον
1504 1491 1615 1530 nate

68 1566 114 1602 20
126 1552 299 1595 σύνοδον
320 1549 590 1607 Ἀλέξανδρος
618 1554 662 1594 ἐν
690 1556 744 1610 τῇ
768 1554 1009 1612 Μαναύρᾳ,
1039 1553 1207 1608 α’γαγιὸν
1238 1553 1460 1607 Εϋθύμιον
1490 1555 1571 1596 α’πό

220 1670 274 1704 18.
301 1670 365 1706 τοῦ
387 1672 655 1717 πατριαρχείου
680 1671 884 1715 Anonymus
1008 1671 1061 1706 19.
1092 1671 1219 1714 αὐτοῦ]
1247 1668 1315 1709 τόν
1339 1670 1452 1710 αὐτὸν
1476 1672 1571 1707 idem

217 1774 341 1807 Mense
367 1784 474 1818 porro
502 1773 649 1807 Octobri
674 1773 833 1807 Himerio
870 1773 1077 1818 logothetae
1112 1785 1184 1808 una
1222 1786 1300 1808 cum
1328 1775 1503 1809 Damiano
1534 1780 1572 1811 et

123 1822 242 1855 Leone
270 1821 458 1866 Agar-ems,
486 1821 580 1854 Sami
614 1821 703 1854 duce
728 1822 909 1861 Romano,
935 1822 994 1867 qui
1022 1827 1147 1867 postea
1177 1822 1355 1866 regnavit,
1384 1823 1574 1864 existente,

123 1868 299 1914 praelium
324 1868 544 1902 commissum
571 1873 635 1909 est,
664 1879 736 1913 quo
758 1869 871 1902 victus
885 1868 1073 1910 Himerius,
1103 1870 1311 1915 cunctisque
1334 1870 1372 1902 in
1396 1881 1572 1904 summum

122 1915 321 1962 periculum
349 1914 521 1956 adductis,
546 1916 604 1949 vix
628 1915 815 1949 incolumis
840 1915 963 1948 evasit.
1012 1916 1205 1962 imperator
1230 1921 1349 1950 autem
1374 1916 1447 1950 Leo
1473 1918 1570 1961 gravi

122 1962 248 1996 morbo
276 1963 400 1996 iactari
425 1963 569 2008 coepit,
600 1961 691 1996 adeo
725 1967 765 1995 ut
794 1963 830 1995 in
860 1962 1089 2006 Magnauram
1124 1964 1320 1997 orationem
1352 1963 1570 1998 ieiuniorum

122 2010 299 2056 principio
326 2009 458 2042 habere
482 2010 663 2055 nequiret·
713 2009 864 2054 contigit
889 2015 1007 2043 autem
1039 2010 1245 2043 incendium
1272 2011 1310 2044 in
1335 2021 1483 2055 magnae
1510 2023 1570 2045 ec-

123 2058 253 2091 clesiae
277 2057 470 2096 cei-alariis,
496 2068 568 2102 quo
597 2056 794 2090 chartarum
819 2056 976 2090 thesauri
1001 2059 1151 2091 armaria
1166 2063 1203 2091 et
1226 2057 1358 2091 sacella
1384 2058 1569 2092 combusta

123 2110 218 2138 sunt.
269 2105 353 2138 Maii
381 2104 526 2138 tandem
553 2103 612 2137 die
637 2103 828 2137 undecimo
856 2104 930 2137 Leo
968 2104 1172 2150 imperator,
1196 2115 1273 2138 cum
1299 2108 1403 2139 antea
1428 2117 1570 2139 succes-

125 2162 240 2185 sorem
269 2151 415 2185 fratrem
456 2163 557 2184 suum
581 2150 822 2185 Alexandrum
850 2150 1081 2195 designasset,
1114 2151 1207 2185 diem
1236 2157 1430 2186 extremum
1458 2152 1570 2196 obiit;

124 2209 231 2244 quem
256 2198 331 2238 ille,
361 2203 400 2232 ut
424 2199 543 2239 aiunt,
567 2197 612 2231 ad
641 2209 679 2232 se
704 2198 908 2232 venientem
946 2199 1184 2245 conspicatus,
1215 2199 1304 2233 dicit
1328 2206 1457 2234 “cave:
1487 2205 1570 2246 post

123 2256 261 2278 menses
286 2245 456 2279 tredecim
492 2246 682 2291 pessimum
707 2250 848 2291 tempus
875 2246 1017 2279 instat.’'
1082 2252 1118 2280 et
1143 2247 1405 2293 impensissime
1431 2247 1569 2293 rogavit

123 2298 161 2327 et
185 2291 385 2327 obtestatus
411 2297 465 2327 est
489 2299 528 2327 ut
553 2292 828 2328 Constantinum
855 2292 968 2326 filium
993 2304 1096 2327 suum
1120 2299 1336 2340 protegeret.

728 2396 958 2429 Anxanum.

210 2485 402 2530 Imperavit
429 2484 628 2520 Alexander
667 2498 738 2521 una
777 2498 856 2519 cum
883 2487 1118 2522 Constantino
1154 2489 1286 2522 Leonis
1323 2487 1399 2520 filio
1432 2498 1564 2524 annum

119 2543 241 2572 unum,
269 2531 344 2565 dies
370 2532 497 2576 viginti
515 2544 656 2566 novem.
682 2535 865 2579 missoque
890 2533 936 2567 ad
952 2534 1138 2568 Nicolaum
1158 2535 1202 2568 ad
1227 2535 1441 2569 Galacrenas
1470 2547 1565 2570 nun·

117 2580 171 2612 tio
197 2579 424 2622 Euthymium
456 2580 691 2625 patriarcham
727 2581 895 2627 deposuit
934 2586 971 2615 et
998 2581 1184 2615 Nicolaum
1210 2581 1368 2615 secundo
1395 2583 1561 2619 restituit.

117 2625 245 2659 habuit
270 2632 389 2660 autem
414 2626 615 2660 Alexander
638 2627 684 2661 ad
711 2628 937 2672 magnauram
963 2628 1161 2671 silentium,
1194 2635 1231 2662 et
1254 2629 1442 2663 concilium
1467 2630 1562 2664 cele-

118 2672 247 2716 bravit,
268 2679 378 2720 atque
408 2673 636 2718 Euthymium
663 2674 708 2709 ab
737 2674 877 2719 Agatho
914 2674 1111 2712 advocavit.
1166 2675 1366 2722 sedensque
1390 2688 1472 2711 cum>
1497 2676 1563 2712 Ni,
