1838 3132
300 153 372 194 DE
397 149 802 193 THESSALONICA
827 148 864 191 A
890 148 1096 209 LAT1N1s
1121 146 1309 190 CAPTA.
1428 140 1522 188 393

87 251 146 299 εἰς
176 250 328 292 ἐκεῖνον
354 240 393 292 οἱ
421 248 605 306 μεγάλοι,
637 248 674 290 οἱ
699 251 856 302 μικροί,
884 247 923 290 οἱ
951 249 1085 301 μέσοι.
1154 247 1227 290 καὶ
1251 247 1522 298 θαυμάζουσι

29 370 34 373 ¹
85 316 174 368 μὲν,
201 315 326 357 ὄποῖα
355 316 496 373 πρῴην
541 317 758 372 δσιῶὖντες
797 317 963 368 βλέπειν
998 309 1067 356 οἷα
1104 313 1180 355 νῦν
1205 312 1404 368 ἐμφανῶς
1428 311 1522 363 βλέ·
1534 320 1604 353 275

86 395 224 438 πουσι,
252 381 326 423 καί
353 381 410 430 ὥς
450 381 494 424 αἱ
521 384 598 434 μὲν
658 382 787 435 ακραί
812 383 906 435 νῆες
943 378 1112 429 ἁλιάδες
1137 374 1235 432 ἄρτι
1260 378 1524 433 γνωρίζονται

85 449 158 501 τῆς
187 447 288 501 πρίν
316 446 422 490 κατὰ
456 446 618 503 α’ποίτην
633 445 874 494 σκοτώσεως
902 445 1270 500 διαφωτισθείσης,
1298 442 1342 485 αἱ
1361 444 1407 485 δὲ
1427 458 1525 498 σκη-

54 513 158 555 5ναί
185 519 362 567 μακροῖς
399 514 588 568 α’λλὴλων
628 511 906 566 διαστήμασιν
937 511 1235 566 ἀφορίζονται,
1266 508 1527 565 σικυηλοίτοις

87 581 336 633 πρέπουσαι,
367 578 390 619 ὅ
421 581 468 621 δὲ
496 577 676 634 στρατὸς
706 574 800 627 ὅσος
829 578 1057 632 πανήγυρις
1100 577 1174 618 ov’x
1201 572 1383 630 εὐγενής,
1413 574 1450 616 οἱ
1479 575 1527 616 δὲ

86 646 206 685 ἵπποι
233 641 402 693 ὁποίους
445 643 543 693 τούς
579 643 746 692 πλείους
783 641 973 696 μόλωσιν
1004 638 1057 684 ἂν
1093 643 1401 695 καταδέχοιντο.
1455 636 1529 682 καί

88 709 368 764 ἅφυπνίζοντο
394 711 472 763 μὲν
500 709 572 751 καί
602 712 831 766 α’νένηφον,
859 709 915 759 ὥς
939 707 988 752 τὰ
1019 706 1147 762 μικροὶ
1177 708 1393 762 γνωρίζειν
1421 702 1524 748 mite

86 775 208 816 τοῦτο
230 773 378 829 μικρά,
408 779 480 818 καί
504 776 648 830 μηκέτι
674 774 892 829 μεγαλεῖόν
919 791 961 816 τι
990 775 1135 823 αὐτοῖς
1162 775 1526 829 ἐπιψηφίζεσθαι·

34 840 148 885 Ῑθτό·
171 841 218 882 δὲ
264 840 397 883 πάλαι
440 843 599 883 ποθοῦν
631 844 872 896 παραμένον
911 839 1078 883 ἔπειθεν
1105 842 1265 883 ἐθέλειν
1291 838 1364 881 τὸν
1391 834 1526 893 ἄνδρα

86 905 215 958 μόνον
244 906 377 948 αὐτὸν
416 907 669 964 φαινόμενον
701 908 745 949 τό
773 909 880 960 πᾶν,
907 906 1020 948 καθά
1059 905 1164 960 πρὸς
1191 906 1356 960 α’γαθοῦ
1382 908 1528 961 σφίσιν

87 967 150 1027 ἦν,
179 971 539 1026 καταπράξεσθαι.
570 973 718 1015 οὐκοῦν
742 971 973 1029 ᾗσπιὶζοντο
1000 975 1169 1024 ἐκεῖνον,
1195 969 1369 1027 ἐφίλουν
1397 969 1527 1025 πρόσ-

89 1035 202 1080 ωπόν
232 1052 285 1092 τε,
313 1032 362 1079 οὗ
390 1038 462 1094 τήν
487 1041 593 1081 θέαν
619 1034 803 1094 εὔχοντο,
833 1040 905 1080 καί
921 1043 1081 1093 χεῖρας,
1105 1039 1173 1093 ἐφ’
1201 1032 1268 1086 αἷς
1293 1039 1529 1079 ἐπεποίθει-

88 1118 190 1155 σαν,
222 1105 288 1145 ἐπ’.
317 1105 461 1153 αὐταῖς
486 1107 760 1146 ἐνεθουσίων·
791 1101 1060 1159 ἐξηρεύγοντο
1091 1104 1288 1151 ἐπαίνους
1318 1104 1531 1144 παντοδα-

36 1179 77 1213 15
89 1166 207 1220 πούς,
239 1169 425 1223 ἀνεβόων
454 1169 587 1224 συχνὰ
621 1171 745 1222 δόξαν
773 1174 831 1228 τῷ
857 1173 943 1227 θεῷ
963 1187 973 1197 ·
1030 1171 1348 1223 προεκαλοῦντο,
1377 1170 1416 1211 εἰ
1443 1163 1532 1210 οἷόν

89 1248 144 1286 τε,
176 1236 430 1289 διαπηδῆσαι
472 1237 532 1285 εἰς
560 1237 634 1291 τήν
660 1238 941 1291 ἀντίπορθμον
970 1235 1100 1290 ταχύ·
1153 1234 1200 1278 τὸ
1228 1233 1309 1290 γάρ
1347 1237 1532 1283 ποδῶκες

90 1302 166 1340 τοῦ
195 1297 360 1355 ἀνδρός,
378 1303 579 1357 ἐπίσημον
596 1303 712 1359 αὐτῷ
729 1304 935 1356 τυγχάνον
961 1301 1062 1355 πρὸς
1085 1301 1268 1357 φύσεως,
1287 1304 1360 1343 καί
1384 1301 1531 1342 τοιαύ-

91 1381 180 1420 την,
211 1362 352 1421 οἶμαι,
379 1370 672 1421 καινοτροπιάν
703 1370 973 1423 ἐνθυμήσεως
1003 1369 1208 1421 ὑπέβαλλε
1236 1372 1322 1417 τοῖς
1350 1371 1531 1416 πολλοῖς.

92 1430 113 1471 ὁ
145 1433 193 1474 δὲ
222 1429 270 1473 τοὶ
299 1433 376 1485 μὲν
408 1432 648 1488 οἷντιχαρείς
678 1433 733 1482 ὥς
761 1431 869 1482 εἰκὸς
891 1434 963 1475 καί
988 1431 1115 1486 μάλα,
1142 1432 1192 1474 τά
1223 1434 1268 1475 δὲ
1289 1435 1360 1475 καί
1387 1437 1530 1488 φιλεν.

36 1506 80 1539 20
93 1495 308 1551 δεικτήσας
336 1499 381 1540 ἐν
410 1499 575 1549 οἰκείοις
603 1500 951 1554 κενεαυχημασιν,
994 1501 1068 1541 οὐκ
1104 1500 1224 1553 ὀλίγα
1255 1501 1302 1541 δὲ
1328 1499 1400 1541 καί
1426 1502 1532 1553 θαρ-

94 1564 223 1617 ρῢνας
251 1562 348 1613 τούς
374 1565 433 1612 εἰς
462 1561 592 1606 αὐτὸν
619 1564 948 1621 α’φεωρακότας,
978 1563 1143 1619 αἴρεται
1170 1567 1324 1622 μικροῦ
1351 1566 1436 1607 δεῖν
1463 1564 1534 1607 ἐπὶ

89 1629 272 1685 χειρῶν,
303 1625 352 1671 οὗ
381 1627 509 1683 μόνον
547 1628 653 1686 πρὸς
688 1631 1092 1685 Ἀγγὲλων,·γένους
1125 1632 1274 1674 τούτου
1312 1632 1532 1685 βασιλικοῦ

183 1751 218 1785 8.
241 1749 432 1798 οἷνέφηνον
455 1751 488 1786 Τ

93 1860 155 1906 qui
181 1864 264 1893 sunt
288 1860 326 1893 in
351 1871 497 1901 summa,
522 1860 656 1901 infima,
679 1860 796 1893 media
820 1861 975 1894 statione
1001 1861 1106 1894 vitae.
1145 1870 1186 1894 ac
1211 1860 1396 1902 mirantur,
1421 1871 1531 1906 quum

97 1917 189 1952 qnae
214 1907 311 1952 prius
339 1907 551 1941 videbantur
579 1907 647 1940 sihi
671 1907 802 1948 videre,
826 1919 922 1941 nunc
952 1908 1076 1941 vident
1099 1917 1229 1949 revera,
1253 1913 1290 1941 et
1313 1918 1418 1941 naves
1445 1909 1530 1942 illae

95 1953 223 1997 longae
248 1954 319 1986 iam
347 1955 498 2000 scaphae
524 1960 707 1999 apparent,
731 1955 912 1988 oculorum
939 1960 1021 1988 ante
1045 1954 1204 1988 tenebris
1235 1966 1330 1988 nunc
1354 1955 1531 1996 discussis,

98 2001 252 2034 tentoria
279 2005 398 2034 autem
439 2002 572 2045 magnis
600 2007 808 2047 separantur
830 2002 1027 2035 intervallis
1043 2026 1053 2042 ‚
1078 2002 1179 2043 areis,
1206 2001 1339 2047 quibus
1362 2013 1531 2035 cucume-

98 2058 153 2080 res
181 2048 392 2092 gignuntur,
418 2054 500 2094 apta
518 2074 527 2088 ,
565 2049 739 2081 exercitus
773 2049 935 2082 concioni
960 2048 1056 2082 haud
1094 2049 1228 2082 illustri
1255 2049 1392 2090 similis,
1421 2055 1530 2094 atque

100 2095 184 2139 equi
211 2095 387 2140 plerique,
414 2097 537 2141 quales
565 2096 602 2128 in
628 2096 816 2140 pistrinum
856 2096 947 2128 mitti
971 2096 1098 2130 solent.
1147 2097 1270 2142 itaque
1293 2097 1530 2141 expergefacti

98 2146 134 2174 et
160 2143 301 2186 crapula
332 2142 440 2176 soluti
476 2142 714 2186 agnoscebant
746 2143 890 2188 quidem
927 2143 1043 2187 copias
1076 2142 1114 2176 id
1147 2143 1243 2190 quod
1281 2149 1419 2184 essent,
1451 2143 1529 2176 exi-

97 2199 203 2232 guas,
229 2200 347 2234 neque
386 2190 454 2222 iam
498 2190 670 2234 opinione
708 2201 771 2223 sua
795 2189 1022 2234 splendorem
1048 2190 1120 2223 illis
1146 2190 1347 2232 addebant3
1373 2190 1436 2224 sed
1466 2201 1530 2222 ve-

98 2240 233 2267 tustum
261 2236 416 2269 residens
438 2236 651 2270 desiderium
674 2236 923 2281 persuadebat,
952 2237 1064 2269 virum
1089 2237 1214 2282 ipsum,
1241 2249 1351 2283 quum
1378 2248 1532 2283 appare-

102 2287 167 2321 ret,
195 2283 308 2315 solum
335 2284 472 2323 omnia,
497 2295 587 2329 quae
613 2284 719 2317 saluti
745 2284 814 2316 sibi
843 2288 984 2324 essent,
1007 2285 1247 2329 perfecturum
1272 2296 1360 2318 esse.
1409 2285 1532 2329 itaque

101 2329 305 2362 salutabant
320 2330 432 2370 illum,
458 2336 494 2364 et
513 2330 811 2364 deosculabantur
831 2343 868 2364 os
892 2331 1004 2372 illud,
1031 2332 1130 2365 cuius
1155 2331 1360 2377 adspectum
1385 2336 1532 2375 exopta-

100 2381 245 2416 verant,
271 2381 308 2408 et
346 2376 475 2421 quibus
504 2379 628 2410 confisi
656 2383 757 2411 erant
780 2377 966 2418 manibus,
993 2378 1030 2411 in
1061 2378 1106 2411 iis
1144 2379 1388 2416 exsultabant,:
1416 2379 1535 2422 rugie-

100 2422 187 2455 bant
212 2422 335 2455 laudes
360 2424 486 2463 varias,
511 2425 799 2458 vociferabantur
822 2425 933 2458 multa
958 2425 1003 2458 ad
1018 2424 1164 2468 gloriam
1192 2426 1268 2469 dei3
1296 2425 1536 2458 exhortaban-

100 2469 176 2511 ἴυγξ,
201 2474 241 2502 ut
275 2471 502 2512 transsiliret,
532 2472 561 2504 si
588 2472 663 2504 fieri
694 2478 824 2517 posset,
845 2473 980 2511 ‘fretum
1002 2473 1198 2506 confestim.
1224 2472 1375 2506 hominis
1400 2473 1535 2517 quippe

102 2516 276 2558 celeritas,
301 2517 398 2562 quod
421 2517 578 2551 habebat
603 2519 740 2563 insigne
769 2531 788 2551 a
814 2524 939 2552 natura
954 2544 963 2559 ,
988 2519 1098 2560 illam,
1125 2521 1263 2565 opinor,
1286 2520 1410 2552 miram
1434 2519 1536 2564 cupi-

103 2562 249 2596 ditatem
282 2564 462 2609 plerisque
495 2565 688 2599 iniiciebat.
740 2572 846 2611 atque
879 2566 942 2599 ille
967 2566 1118 2599 vicissim
1144 2567 1291 2611 gavisus,
1317 2571 1357 2599 ut
1379 2577 1443 2611 par
1470 2571 1534 2606 est,

101 2609 350 2651 vehementer,
376 2616 412 2644 et
439 2617 620 2645 ostentans
644 2614 816 2646 nonnulla
850 2612 895 2646 ad
921 2623 1046 2646 vanam
1071 2615 1125 2647 sui
1160 2613 1422 2658 gloriationem,
1445 2623 1536 2646 non·-

102 2655 193 2689 nihil
218 2658 326 2690 etiam
348 2658 557 2692 confirmans
573 2671 647 2701 eos,
675 2662 735 2706 qui
763 2662 799 2693 in
826 2671 861 2694 se
895 2660 1126 2704 suspicerent,
1151 2660 1314 2693 manibus
1340 2669 1450 2704 prope
1475 2671 1536 2704 ge-

102 2708 227 2746 statur,
251 2716 324 2739 non
350 2705 463 2739 solum
488 2706 533 2739 ab
550 2707 705 2752 Angelis,
732 2713 835 2751 gente
859 2707 923 2740 illa
940 2707 1167 2754 imperatoria
1191 2706 1479 2753 splendidissima·
1500 2711 1536 2740 et
