1838 3132
332 190 404 229 DE
429 186 839 230 THESSALONICA
878 187 915 230 A
956 188 1166 230 LATINIS
1193 186 1385 230 CAPTA.
1474 183 1565 227 371

121 286 357 340 βλεπούσας
382 286 426 329 τὸ
458 290 540 330 τῶν
569 284 707 330 ὅπλων
738 283 997 343 ἇστραπαῖον
1037 285 1134 330 οὔτε
1164 289 1340 343 βροντῆς
1368 286 1569 337 αἰσθομέ-

122 368 198 402 νας
224 355 299 408 τῆς
343 356 388 404 ἐξ
417 354 624 410 α’πειλαῖν,
667 354 774 397 ἀλλὰ
812 358 939 396 τοῦτο
978 355 1029 396 οὔ
1074 353 1283 411 φρενήρης
1306 350 1438 408 Ἀρης
1464 348 1652 394 οἷλλά269

124 418 230 474 δόρυ
266 419 424 474 ἐνήργει
453 420 706 473 μαινόμενον
742 421 817 461 καί
850 420 966 476 ξίφος
995 422 1071 462 ov’n
1099 421 1375 472 εὖδιάκριτον.
1528 430 1530 433 ’

237 483 434 527 Οἴκτιστα
477 484 528 540 δὴ
570 486 702 527 ταῦτα
741 489 934 539 βροτοῖς·
1004 487 1285 528 ἐλεεινότατον
1333 486 1380 526 δὲ
1406 481 1471 526 ὅτι
1505 483 1577 525 καί

90 562 112 597 5
122 553 262 606 βρέφη
294 553 529 592 συνέκειντο
570 556 656 600 τοῖς
689 553 964 601 παντοδαπῶς
1001 555 1214 606 πίπτουσι,
1246 550 1296 593 τά
1326 555 1403 604 μὲν
1430 567 1576 593 συνεκ-

125 613 374 668 κεντούμενα
414 622 508 666 ταῖς
538 615 772 672 φερούσαις
815 618 1030 673 α’γκάλαις,
1062 617 1112 659 τοὶ
1147 620 1192 659 δὲ
1223 619 1280 674 τῷ
1307 618 1579 672 καταρρίπτε-

124 686 230 724 σθαι
271 681 354 724 ὑπὸ
402 684 523 730 δέους
566 677 590 735 ἢ
631 685 704 723 καί
739 681 866 737 φόνου
907 685 990 725 τῶν
1016 682 1338 738 βασταζόντων,
1369 682 1420 725 τὰ
1451 683 1579 724 πλείω

125 750 172 790 δὲ
200 748 643 802 συγκαταπατούμενα.
711 748 736 804 ἡ
782 748 864 803 γὰρ
894 752 969 791 τοῦ
1000 750 1171 806 φεύγειν
1203 748 1363 804 ἀνάγκη
1397 750 1469 790 καί
1495 763 1581 790 τοι·

127 815 251 856 οὖτον
287 814 453 868 α’πλῆγα
495 813 622 870 φόνον
653 814 896 870 ἐτυράννει,
923 814 995 857 τὸν
1023 818 1100 867 μὲν
1129 814 1211 858 ἔσω
1239 818 1321 857 τῶν
1351 817 1581 870 ἐκκλησιῶν

71 880 389 932 ΙΟαῖθιζομὲνου
429 883 501 922 τοῦ
536 884 643 922 λαοῦ
684 884 756 922 καί
782 883 834 938 τῇ
873 881 1128 936 συμπιλήσει
1159 883 1465 935 δυστυχοῦντος
1492 891 1579 933 ψυ-

123 949 214 1000 χῶν
246 947 495 1002 ἀπαγωγήν,
540 947 612 989 τὸν
649 950 695 990 δὲ
741 948 840 1000 περί
876 949 950 1003 τῆς
997 945 1260 1001 ἀκροπόλεως
1292 947 1365 1001 τὴν
1404 946 1580 1000 εἴσοδον,

125 1010 191 1054 ὅτε
221 1003 446 1065 πολεμικοῧ
475 1014 648 1066 δόρατος
680 1009 765 1054 ἄνω
787 1014 863 1054 τοῦ
890 1012 997 1055 κατὰ
1025 1012 1250 1055 θάλασσαν
1278 1010 1384 1070 ἑῴου
1413 1013 1577 1067 πύργου

125 1079 329 1132 ἀρθέντος
361 1084 447 1127 τοῖς
482 1078 730 1133 οἷντιμὰχοις
766 1079 826 1127 εἷς
872 1077 1088 1133 σύσσημον
1126 1081 1204 1120 τοῦ
1243 1078 1318 1134 τήν
1345 1078 1467 1120 πόλιν
1498 1074 1579 1133 ἤδη

123 1146 519 1198 καταπεπονῆσθαι,
567 1143 625 1193 ὥς
665 1143 736 1186 καί
794 1140 1111 1199 ἆναρριχᾶσθαι
1151 1142 1252 1193 τούς
1298 1146 1581 1197 βουλομένους

69 1207 308 1265 Ῑὸἔξωθεν,
357 1210 400 1251 τὸ
431 1211 509 1262 μὲν
548 1210 662 1252 κάτω
702 1217 908 1264 περιεῖναι
950 1210 1221 1264 ἀπέγνωστο,
1254 1206 1362 1266 ἦραν
1404 1212 1450 1252 δὲ
1479 1208 1580 1257 τούς

123 1274 378 1331 ὀφθαλμούς
406 1274 443 1317 οἱ
473 1278 640 1325 πλείους
675 1275 731 1325 ὥς
772 1279 832 1324 εἰς
862 1272 939 1332 ὅρη
970 1275 1046 1331 τήν
1073 1275 1311 1332 ἀκρόπολιν,
1341 1276 1446 1318 ἔνθα
1478 1275 1580 1330 βοή-

124 1344 247 1382 θειαν
276 1340 562 1395 ἐκαραδόκουν
592 1343 737 1391 αὐτοῖς
765 1340 953 1384 ἔσεσθαι.

224 1405 278 1448 ιῸ
305 1409 351 1449 δὲ
377 1406 562 1460 μάλιστα
593 1406 670 1463 τήν
702 1410 780 1450 τοῦ
798 1411 930 1450 κακοῦ
964 1410 1256 1464 πολυφθοριάν
1285 1409 1474 1450 ἐνταῦθα
1501 1424 1576 1447 κα-

123 1478 313 1528 τηγορεῖ,
356 1476 465 1515 τοῦτ’
495 1471 545 1528 ἦν
588 1469 651 1515 ὅτι
679 1479 769 1522 ταῖς
796 1481 1004 1528 νεκρικαΐς
1035 1475 1271 1529 θημωνιάις
1312 1476 1384 1515 καί
1412 1471 1575 1527 α’λόγων

67 1545 113 1580 20
128 1536 245 1589 ζώων
272 1539 474 1593 σώρευμα
502 1542 792 1594 παρετέθειτο.
848 1538 1069 1595 ἅχωρήτου
1105 1540 1186 1596 γὰρ
1214 1537 1328 1590 ὄντος
1355 1543 1433 1597 μιᾷ
1462 1538 1574 1596 πύλῃ

126 1605 202 1645 τοῦ
227 1605 550 1658 συνερρευκότος
592 1602 680 1647 ἄνω
707 1608 838 1659 λαοῦ,
868 1609 940 1647 καί
967 1609 1228 1660 βιαζομένων
1255 1608 1332 1658 μὲν
1361 1607 1576 1658 παραβύε-

127 1673 230 1712 offae
257 1667 366 1711 ὥστε
397 1669 624 1724 σώζεσθαι,
647 1670 712 1726 «μὴ
743 1670 925 1726 ἑχόντων
968 1673 1014 1713 δὲ
1045 1672 1348 1727 παραδύεσθαι
1376 1668 1575 1724 ἑκάστων,

227 1732 240 1747 O

128 1858 242 1898 tuque
267 1856 413 1896 propter
441 1858 661 1885 senectutem
687 1853 808 1894 orbas,
832 1865 898 1886 nec
927 1859 1112 1887 cernentes
1137 1864 1310 1886 armorum
1337 1853 1577 1898 splendorem,

128 1911 195 1931 nec
224 1910 388 1931 sonorum
424 1900 611 1931 minacium
639 1901 796 1932 tonitrua
825 1900 1031 1940 audientes,
1062 1900 1098 1933 id
1137 1900 1279 1945 quidem
1305 1911 1410 1932 sanae
1448 1901 1576 1933 inentis

127 1946 252 1979 Martis
279 1957 351 1977 non
373 1950 458 1985 erat,
485 1946 547 1978 sed
574 1946 696 1978 hastae
722 1946 864 1979 rabidae
890 1953 926 1980 et
958 1947 1067 1991 gladii
1096 1947 1317 1980 insanientis.

222 1993 314 2024 Sane
343 2003 447 2036 quam
474 1992 602 2026 acerba
639 1992 727 2025 haec
755 1994 901 2027 fuerunt
931 1994 1157 2037 mortalibus3
1187 1994 1450 2026 acerbissimum
1477 2004 1577 2034 vero,

129 2039 227 2085 quod
254 2039 359 2071 etiam
387 2040 541 2072 infantes
574 2041 755 2073 commixti
782 2040 949 2074 iacebant
971 2053 1049 2074 cum
1075 2041 1201 2074 ceteris
1227 2041 1361 2085 ubique
1391 2040 1578 2084 pereunti-

129 2086 206 2127 bus,
233 2087 359 2131 partim
386 2087 535 2130 perfossi
561 2086 655 2119 inter
689 2088 969 2132 aniplexentium
996 2087 1162 2129 brachia,
1189 2089 1318 2133 partim
1347 2099 1364 2119 a
1394 2087 1574 2132 portanti-

129 2133 194 2165 bus
225 2134 319 2165 inter
355 2133 497 2166 caedem
531 2138 747 2167 terroremve
775 2135 936 2179 proiecti,
976 2136 1141 2180 pierique
1170 2135 1264 2168 inter
1288 2133 1396 2179 pedes
1426 2134 1576 2166 concul-

130 2180 213 2213 cati.
271 2180 430 2223 fugiendi
469 2186 588 2213 autem
631 2182 822 2214 necessitas
863 2183 967 2215 etiam
1002 2182 1225 2215 incruentam
1258 2193 1381 2214 necem
1411 2181 1575 2221 creabat,

129 2227 258 2271 partim
287 2227 324 2259 in
347 2227 478 2272 templa
505 2229 686 2272 compulsa
713 2234 749 2261 et
767 2234 916 2272 propter
939 2230 1118 2271 angustias
1143 2229 1296 2261 animam
1315 2229 1455 2261 efflante
1482 2227 1576 2259 mul-

131 2272 298 2312 titudine,
324 2275 451 2317 partim
478 2275 514 2307 in
540 2274 638 2307 aditu
670 2276 780 2315 arcis,
808 2287 928 2320 quum,
963 2275 1062 2309 hasta
1089 2276 1210 2309 hostili
1238 2287 1341 2320 supra
1367 2275 1574 2307 orientalem

130 2319 175 2352 ad
200 2330 296 2352 mare
319 2320 443 2352 turrim
480 2321 524 2353 ab
551 2321 761 2355 adversariis
787 2323 894 2362 elata‚
922 2322 1018 2368 quod
1038 2323 1175 2367 signum
1202 2323 1395 2356 exhaustae
1420 2322 1485 2353 iam
1514 2332 1576 2353 ur-

130 2366 183 2399 bis
211 2371 316 2405 esset,
341 2366 390 2398 ita
416 2372 456 2399 ut
480 2369 586 2400 etiarn
613 2369 830 2402 extrinsecus
855 2381 971 2401 muros
1001 2369 1199 2411 scanderet,
1222 2372 1426 2415 quicunque
1454 2368 1576 2408 vellet,

130 2419 268 2459 partem
291 2412 387 2445 urbis
414 2414 619 2447 inferiorern
648 2417 780 2457 servari
806 2427 908 2460 posse
943 2416 1202 2461 desperaretur,
1229 2417 1292 2450 sed
1314 2417 1436 2449 oculos
1463 2415 1578 2465 [lieri-

133 2471 203 2505 que
239 2460 278 2492 in
310 2470 423 2492 arcem
460 2466 628 2507 tanquam
670 2463 708 2496 in
743 2469 881 2496 montes
907 2469 1176 2505 converterent,
1204 2464 1298 2497 unde
1325 2464 1475 2496 salutem
1503 2461 1575 2494 sibi

129 2509 207 2540 iore
232 2512 427 2550 sperarent.

223 2552 331 2598 Quod
353 2565 437 2586 vero
462 2554 621 2599 inprimis
647 2557 811 2589 miseriae
843 2557 1079 2590 calamitatem
1106 2558 1232 2601 arguit,
1258 2556 1348 2589 illud
1375 2561 1448 2595 est,
1477 2553 1575 2598 qnod

130 2610 210 2632 cum
239 2611 421 2633 caesorum
456 2600 637 2634 hominum
662 2605 793 2636 acervis
820 2604 922 2636 bruta
950 2604 1198 2637 miscebantur*
1213 2604 1390 2636 animalia.
1441 2602 1575 2634 etenim

130 2658 240 2691 quum
265 2658 335 2679 una
360 2653 462 2691 porta
488 2660 612 2693 capere
644 2662 719 2683 non
743 2656 866 2695 posset
896 2650 1133 2684 confluentem
1158 2651 1203 2683 ad
1231 2662 1344 2682 arcem
1372 2649 1575 2682 multitudi-

130 2704 223 2733 nem,
250 2705 445 2739 omnesque
466 2701 653 2739 penetrare
684 2698 895 2736 niterentur,
918 2703 959 2730 ut
973 2703 1208 2737 servarentur,
1236 2708 1300 2729 nec
1324 2702 1469 2741 possent
1485 2707 1573 2729 cun-

132 2741 178 2772 cti
207 2741 350 2782 intrare,
378 2747 450 2774 turn
478 2741 616 2786 pedites
642 2749 714 2776 tum
738 2746 889 2789 oquiteS‚
917 2746 1094 2778 ruentium
1115 2745 1217 2778 turba
1244 2756 1263 2776 a
1290 2749 1388 2788 tergo
1419 2744 1572 2777 instante
