<?xml version="1.0" encoding="UTF-8"?>
<!DOCTYPE html PUBLIC "-//W3C//DTD XHTML 1.0 Transitional//EN"
    "http://www.w3.org/TR/xhtml1/DTD/xhtml1-transitional.dtd">
<html xmlns="http://www.w3.org/1999/xhtml" xml:lang="en" lang="en">
 <head>
  <title>
</title>
<meta http-equiv="Content-Type" content="text/html;charset=utf-8" />
  <meta name='ocr-system' content='tesseract 3.04.00' />
  <meta name='ocr-capabilities' content='ocr_page ocr_carea ocr_par ocr_line ocrx_word'/>
</head>
<body>
  <div class='ocr_page' id='page_1' title='image "./corpusscriptorum34niebuoft/corpusscriptorum34niebuoft_0534.png"; bbox 0 0 1838 3132; ppageno 0'>
   <div class='ocr_carea' id='block_1_1' title="bbox 273 155 1373 203">
    <p class='ocr_par' dir='ltr' id='par_1_1' title="bbox 273 155 1373 203">
     <span class='ocr_line' id='line_1_1' title="bbox 273 155 1373 203; baseline 0.001 -2"><span class='ocrx_word' id='word_1_1' title='bbox 273 155 369 202; x_wconf 77' lang='lat'>522</span> <span class='ocrx_word' id='word_1_2' title='bbox 598 159 673 203; x_wconf 82' lang='lat' dir='ltr'>AD</span> <span class='ocrx_word' id='word_1_3' title='bbox 713 160 928 202; x_wconf 75' lang='lat' dir='ltr'>LEONEM</span> <span class='ocrx_word' id='word_1_4' title='bbox 968 159 1164 203; x_wconf 75' lang='lat' dir='ltr'><strong>GRAMM</strong></span> <span class='ocrx_word' id='word_1_5' title='bbox 1171 160 1373 202; x_wconf 78' lang='lat' dir='ltr'>ATlcUM</span> 
     </span>
    </p>
   </div>
   <div class='ocr_carea' id='block_1_2' title="bbox 270 259 1710 413">
    <p class='ocr_par' dir='ltr' id='par_1_2' title="bbox 270 259 1710 413">
     <span class='ocr_line' id='line_1_2' title="bbox 385 259 1710 326; baseline 0.002 -25"><span class='ocrx_word' id='word_1_6' title='bbox 385 260 440 302; x_wconf 80' lang='lat'>65</span> <span class='ocrx_word' id='word_1_7' title='bbox 493 261 552 315; x_wconf 79' lang='grc' dir='ltr'>τιό</span> <span class='ocrx_word' id='word_1_8' title='bbox 574 259 751 326; x_wconf 77' lang='grc' dir='ltr'><strong><em>τοιούτῳ</em></strong></span> <span class='ocrx_word' id='word_1_9' title='bbox 779 262 977 314; x_wconf 77' lang='grc' dir='ltr'><strong><em>κτίσματι</em></strong></span> <span class='ocrx_word' id='word_1_10' title='bbox 1021 263 1093 302; x_wconf 79' lang='grc' dir='ltr'><em>καί</em></span> <span class='ocrx_word' id='word_1_11' title='bbox 1117 262 1219 318; x_wconf 72' lang='grc' dir='ltr'>θεῶ]</span> <span class='ocrx_word' id='word_1_12' title='bbox 1252 261 1366 316; x_wconf 78' lang='lat' dir='ltr'>quod</span> <span class='ocrx_word' id='word_1_13' title='bbox 1393 261 1547 303; x_wconf 70' lang='lat' dir='ltr'>scilicet</span> <span class='ocrx_word' id='word_1_14' title='bbox 1573 263 1710 305; x_wconf 78' lang='lat' dir='ltr'>aedifi-</span> 
     </span>
     <span class='ocr_line' id='line_1_3' title="bbox 270 300 1708 370; baseline 0.003 -15"><span class='ocrx_word' id='word_1_15' title='bbox 270 315 377 356; x_wconf 84' lang='lat' dir='ltr'>cium</span> <span class='ocrx_word' id='word_1_16' title='bbox 420 316 472 356; x_wconf 78' lang='lat' dir='ltr'>ad</span> <span class='ocrx_word' id='word_1_17' title='bbox 519 300 583 358; x_wconf 63' lang='lat' dir='ltr'>slei</span> <span class='ocrx_word' id='word_1_18' title='bbox 613 315 818 357; x_wconf 85' lang='lat' dir='ltr'>honorem</span> <span class='ocrx_word' id='word_1_19' title='bbox 860 323 1091 370; x_wconf 85' lang='lat' dir='ltr'>susceptum</span> <span class='ocrx_word' id='word_1_20' title='bbox 1137 318 1240 359; x_wconf 85' lang='lat' dir='ltr'>tanti</span> <span class='ocrx_word' id='word_1_21' title='bbox 1279 318 1455 367; x_wconf 74' lang='lat' dir='ltr'>faceret,</span> <span class='ocrx_word' id='word_1_22' title='bbox 1487 324 1534 359; x_wconf 84' lang='lat' dir='ltr'>ut</span> <span class='ocrx_word' id='word_1_23' title='bbox 1562 319 1604 358; x_wconf 87' lang='lat' dir='ltr'>in</span> <span class='ocrx_word' id='word_1_24' title='bbox 1628 334 1708 360; x_wconf 70' lang='lat' dir='ltr'>sun</span> 
     </span>
     <span class='ocr_line' id='line_1_4' title="bbox 273 371 1657 413; baseline 0.001 -1"><span class='ocrx_word' id='word_1_25' title='bbox 273 377 404 412; x_wconf 77' lang='lat' dir='ltr'>statua</span> <span class='ocrx_word' id='word_1_26' title='bbox 438 372 520 412; x_wconf 87' lang='lat' dir='ltr'>eius</span> <span class='ocrx_word' id='word_1_27' title='bbox 551 371 757 412; x_wconf 77' lang='lat' dir='ltr'><strong>substerni</strong></span> <span class='ocrx_word' id='word_1_28' title='bbox 783 371 1057 412; x_wconf 72' lang='lat' dir='ltr'><strong>fundamentis</strong></span> <span class='ocrx_word' id='word_1_29' title='bbox 1082 372 1287 413; x_wconf 79' lang='lat' dir='ltr'>ambierit.</span> <span class='ocrx_word' id='word_1_30' title='bbox 1655 398 1657 400; x_wconf 90' lang='lat'><em>-</em></span> 
     </span>
    </p>
   </div>
   <div class='ocr_carea' id='block_1_3' title="bbox 267 446 1713 769">
    <p class='ocr_par' dir='ltr' id='par_1_3' title="bbox 267 446 1713 769">
     <span class='ocr_line' id='line_1_5' title="bbox 378 446 1710 518; baseline 0.002 -26"><span class='ocrx_word' id='word_1_31' title='bbox 378 452 432 492; x_wconf 82' lang='lat'>66</span> <span class='ocrx_word' id='word_1_32' title='bbox 490 453 808 500; x_wconf 80' lang='grc' dir='ltr'><strong><em>Κωνσταντῖνος</em></strong></span> <span class='ocrx_word' id='word_1_33' title='bbox 836 450 928 501; x_wconf 79' lang='grc' dir='ltr'>υἱὸς</span> <span class='ocrx_word' id='word_1_34' title='bbox 969 454 1034 494; x_wconf 83' lang='lat' dir='ltr'>M1</span> <span class='ocrx_word' id='word_1_35' title='bbox 1037 450 1168 507; x_wconf 67' lang='grc' dir='ltr'><strong><em>γαηλ]</em></strong></span> <span class='ocrx_word' id='word_1_36' title='bbox 1196 454 1254 495; x_wconf 87' lang='lat' dir='ltr'>sic</span> <span class='ocrx_word' id='word_1_37' title='bbox 1282 455 1465 508; x_wconf 80' lang='lat' dir='ltr'>ingenue</span> <span class='ocrx_word' id='word_1_38' title='bbox 1478 455 1594 518; x_wconf 90' lang='lat' dir='ltr'>Leo,</span> <span class='ocrx_word' id='word_1_39' title='bbox 1616 446 1710 494; x_wconf 77' lang='lat' dir='ltr'>curn</span> 
     </span>
     <span class='ocr_line' id='line_1_6' title="bbox 270 503 1713 574; baseline 0.001 -27"><span class='ocrx_word' id='word_1_40' title='bbox 270 508 337 548; x_wconf 77' lang='lat' dir='ltr'>alii</span> <span class='ocrx_word' id='word_1_41' title='bbox 368 508 502 548; x_wconf 86' lang='lat' dir='ltr'>Basilii</span> <span class='ocrx_word' id='word_1_42' title='bbox 533 508 662 549; x_wconf 86' lang='lat' dir='ltr'>filium</span> <span class='ocrx_word' id='word_1_43' title='bbox 693 509 842 549; x_wconf 85' lang='lat' dir='ltr'>dicant.</span> <span class='ocrx_word' id='word_1_44' title='bbox 872 509 1099 549; x_wconf 86' lang='lat' dir='ltr'>Cedrenus:</span> <span class='ocrx_word' id='word_1_45' title='bbox 1129 510 1446 556; x_wconf 78' lang='grc' dir='ltr'><strong><em>Κωνσταντΐνος</em></strong></span> <span class='ocrx_word' id='word_1_46' title='bbox 1473 503 1494 547; x_wconf 82' lang='grc' dir='ltr'>ὅ</span> <span class='ocrx_word' id='word_1_47' title='bbox 1513 506 1713 574; x_wconf 50' lang='grc' dir='ltr'>,πρεσβυ-</span> 
     </span>
     <span class='ocr_line' id='line_1_7' title="bbox 268 560 1710 619; baseline -0.001 -18"><span class='ocrx_word' id='word_1_48' title='bbox 268 576 385 615; x_wconf 74' lang='grc' dir='ltr'><strong><em>τερος</em></strong></span> <span class='ocrx_word' id='word_1_49' title='bbox 413 562 497 603; x_wconf 75' lang='grc' dir='ltr'>τῶν</span> <span class='ocrx_word' id='word_1_50' title='bbox 532 563 604 604; x_wconf 76' lang='grc' dir='ltr'>τοῦ</span> <span class='ocrx_word' id='word_1_51' title='bbox 633 564 850 610; x_wconf 84' lang='grc' dir='ltr'><strong><em>Βασιλέως</em></strong></span> <span class='ocrx_word' id='word_1_52' title='bbox 878 560 984 603; x_wconf 78' lang='grc' dir='ltr'>ιὶων</span> <span class='ocrx_word' id='word_1_53' title='bbox 1007 563 1166 611; x_wconf 75' lang='grc' dir='ltr'><strong><em>ἐξέλιπε</em></strong></span> <span class='ocrx_word' id='word_1_54' title='bbox 1197 562 1304 619; x_wconf 76' lang='grc' dir='ltr'><strong><em>νόσῳ</em></strong></span> <span class='ocrx_word' id='word_1_55' title='bbox 1331 563 1545 616; x_wconf 78' lang='grc' dir='ltr'>πυρετικῆ.</span> <span class='ocrx_word' id='word_1_56' title='bbox 1601 563 1710 604; x_wconf 78' lang='lat' dir='ltr'>Basi-</span> 
     </span>
     <span class='ocr_line' id='line_1_8' title="bbox 270 617 1710 673; baseline 0.002 -16"><span class='ocrx_word' id='word_1_57' title='bbox 270 618 313 657; x_wconf 88' lang='lat' dir='ltr'>lii</span> <span class='ocrx_word' id='word_1_58' title='bbox 336 618 438 657; x_wconf 80' lang='lat' dir='ltr'>filius</span> <span class='ocrx_word' id='word_1_59' title='bbox 458 617 670 661; x_wconf 79' lang='lat' dir='ltr'>hominum</span> <span class='ocrx_word' id='word_1_60' title='bbox 704 619 1000 661; x_wconf 76' lang='lat' dir='ltr'>existimatione</span> <span class='ocrx_word' id='word_1_61' title='bbox 1032 625 1180 672; x_wconf 81' lang='lat' dir='ltr'>utpote</span> <span class='ocrx_word' id='word_1_62' title='bbox 1207 619 1392 659; x_wconf 81' lang='lat' dir='ltr'>Eudoeia</span> <span class='ocrx_word' id='word_1_63' title='bbox 1422 618 1522 658; x_wconf 85' lang='lat' dir='ltr'>eius</span> <span class='ocrx_word' id='word_1_64' title='bbox 1536 619 1710 673; x_wconf 80' lang='lat' dir='ltr'>coniuge</span> 
     </span>
     <span class='ocr_line' id='line_1_9' title="bbox 267 674 1710 730; baseline 0.001 -18"><span class='ocrx_word' id='word_1_65' title='bbox 267 681 504 727; x_wconf 75' lang='lat' dir='ltr'>susceptus;</span> <span class='ocrx_word' id='word_1_66' title='bbox 536 674 644 715; x_wconf 84' lang='lat' dir='ltr'>idem</span> <span class='ocrx_word' id='word_1_67' title='bbox 686 682 822 715; x_wconf 82' lang='lat' dir='ltr'>tamen</span> <span class='ocrx_word' id='word_1_68' title='bbox 853 688 899 714; x_wconf 85' lang='lat' dir='ltr'>re</span> <span class='ocrx_word' id='word_1_69' title='bbox 927 674 1013 728; x_wconf 78' lang='lat' dir='ltr'>ipsa</span> <span class='ocrx_word' id='word_1_70' title='bbox 1041 674 1272 725; x_wconf 67' lang='lat' dir='ltr'>Michaelis,</span> <span class='ocrx_word' id='word_1_71' title='bbox 1304 675 1375 730; x_wconf 89' lang='lat' dir='ltr'>qui</span> <span class='ocrx_word' id='word_1_72' title='bbox 1402 688 1448 715; x_wconf 83' lang='lat' dir='ltr'>ea</span> <span class='ocrx_word' id='word_1_73' title='bbox 1478 674 1710 715; x_wconf 75' lang='lat' dir='ltr'>concubina</span> 
     </span>
     <span class='ocr_line' id='line_1_10' title="bbox 270 734 469 769; baseline -0.005 0"><span class='ocrx_word' id='word_1_74' title='bbox 270 734 469 769; x_wconf 86' lang='lat' dir='ltr'>uteretur</span> 
     </span>
    </p>
   </div>
   <div class='ocr_carea' id='block_1_4' title="bbox 266 803 1711 1136">
    <p class='ocr_par' dir='ltr' id='par_1_4' title="bbox 266 803 1711 1136">
     <span class='ocr_line' id='line_1_11' title="bbox 378 803 1708 861; baseline 0.002 -17"><span class='ocrx_word' id='word_1_75' title='bbox 378 803 430 844; x_wconf 84' lang='lat'>67</span> <span class='ocrx_word' id='word_1_76' title='bbox 487 805 622 857; x_wconf 82' lang='grc' dir='ltr'><strong><em>λωρον</em></strong></span> <span class='ocrx_word' id='word_1_77' title='bbox 649 804 923 859; x_wconf 81' lang='grc' dir='ltr'><strong><em>φορέσαντος]</em></strong></span> <span class='ocrx_word' id='word_1_78' title='bbox 953 805 1177 848; x_wconf 83' lang='lat' dir='ltr'>indumenti</span> <span class='ocrx_word' id='word_1_79' title='bbox 1204 819 1327 861; x_wconf 83' lang='lat' dir='ltr'>genus</span> <span class='ocrx_word' id='word_1_80' title='bbox 1349 804 1552 855; x_wconf 78' lang='lat' dir='ltr'>videatur,</span> <span class='ocrx_word' id='word_1_81' title='bbox 1582 805 1708 861; x_wconf 87' lang='lat' dir='ltr'>idque</span> 
     </span>
     <span class='ocr_line' id='line_1_12' title="bbox 266 859 1708 915; baseline 0.001 -15"><span class='ocrx_word' id='word_1_82' title='bbox 266 860 463 911; x_wconf 84' lang='lat' dir='ltr'>cultioris,</span> <span class='ocrx_word' id='word_1_83' title='bbox 497 875 579 915; x_wconf 88' lang='lat' dir='ltr'>quo</span> <span class='ocrx_word' id='word_1_84' title='bbox 608 859 841 914; x_wconf 78' lang='lat' dir='ltr'>imperatui</span> <span class='ocrx_word' id='word_1_85' title='bbox 867 862 971 903; x_wconf 78' lang='lat' dir='ltr'>tanti</span> <span class='ocrx_word' id='word_1_86' title='bbox 1007 862 1146 915; x_wconf 85' lang='lat' dir='ltr'>templi</span> <span class='ocrx_word' id='word_1_87' title='bbox 1179 876 1202 901; x_wconf 82' lang='lat' dir='ltr'>a</span> <span class='ocrx_word' id='word_1_88' title='bbox 1238 877 1279 905; x_wconf 87' lang='lat' dir='ltr'>se</span> <span class='ocrx_word' id='word_1_89' title='bbox 1310 863 1485 903; x_wconf 75' lang='lat' dir='ltr'>extructi</span> <span class='ocrx_word' id='word_1_90' title='bbox 1517 862 1708 902; x_wconf 77' lang='lat' dir='ltr'>encaenia</span> 
     </span>
     <span class='ocr_line' id='line_1_13' title="bbox 267 913 1710 971; baseline 0.001 -15"><span class='ocrx_word' id='word_1_91' title='bbox 267 914 482 957; x_wconf 82' lang='lat' dir='ltr'>honorare</span> <span class='ocrx_word' id='word_1_92' title='bbox 510 915 700 959; x_wconf 76' lang='lat' dir='ltr'>voluerit.</span> <span class='ocrx_word' id='word_1_93' title='bbox 732 916 829 971; x_wconf 87' lang='lat' dir='ltr'>quid</span> <span class='ocrx_word' id='word_1_94' title='bbox 856 916 886 956; x_wconf 85' lang='lat' dir='ltr'>si</span> <span class='ocrx_word' id='word_1_95' title='bbox 915 913 957 956; x_wconf 78' lang='grc' dir='ltr'>τό</span> <span class='ocrx_word' id='word_1_96' title='bbox 993 913 1254 968; x_wconf 76' lang='grc' dir='ltr'><strong><em>ἑπιλωοίκιον</em></strong></span> <span class='ocrx_word' id='word_1_97' title='bbox 1282 916 1528 970; x_wconf 77' lang='lat' dir='ltr'>explicatum</span> <span class='ocrx_word' id='word_1_98' title='bbox 1549 915 1603 957; x_wconf 81' lang='lat' dir='ltr'>ad</span> <span class='ocrx_word' id='word_1_99' title='bbox 1627 917 1710 959; x_wconf 87' lang='lat' dir='ltr'>Co-</span> 
     </span>
     <span class='ocr_line' id='line_1_14' title="bbox 267 970 1711 1036; baseline 0.001 -27"><span class='ocrx_word' id='word_1_100' title='bbox 267 970 408 1010; x_wconf 85' lang='lat' dir='ltr'>dinnm</span> <span class='ocrx_word' id='word_1_101' title='bbox 434 971 485 1012; x_wconf 89' lang='lat' dir='ltr'>de</span> <span class='ocrx_word' id='word_1_102' title='bbox 515 971 700 1012; x_wconf 82' lang='lat' dir='ltr'>Officiis?</span> <span class='ocrx_word' id='word_1_103' title='bbox 772 971 811 1011; x_wconf 84' lang='lat' dir='ltr'>le</span> <span class='ocrx_word' id='word_1_104' title='bbox 838 986 941 1024; x_wconf 82' lang='lat' dir='ltr'>saye</span> <span class='ocrx_word' id='word_1_105' title='bbox 982 973 1362 1026; x_wconf 82' lang='lat' dir='ltr'>royal.scept1um</span> <span class='ocrx_word' id='word_1_106' title='bbox 1384 987 1428 1012; x_wconf 82' lang='lat' dir='ltr'>ea</span> <span class='ocrx_word' id='word_1_107' title='bbox 1457 984 1560 1013; x_wconf 84' lang='lat' dir='ltr'>voce</span> <span class='ocrx_word' id='word_1_108' title='bbox 1586 970 1711 1036; x_wconf 49' lang='lat' dir='ltr'>sign-i-</span> 
     </span>
     <span class='ocr_line' id='line_1_15' title="bbox 267 1021 1708 1091; baseline 0.001 -26"><span class='ocrx_word' id='word_1_109' title='bbox 267 1026 382 1065; x_wconf 80' lang='lat' dir='ltr'>ficari</span> <span class='ocrx_word' id='word_1_110' title='bbox 411 1041 494 1066; x_wconf 91' lang='lat' dir='ltr'>non</span> <span class='ocrx_word' id='word_1_111' title='bbox 523 1027 641 1067; x_wconf 82' lang='lat' dir='ltr'>facile</span> <span class='ocrx_word' id='word_1_112' title='bbox 673 1025 958 1091; x_wconf 86' lang='lat' dir='ltr'>persuadeor·</span> <span class='ocrx_word' id='word_1_113' title='bbox 991 1027 1156 1077; x_wconf 53' lang='lat' dir='ltr'>taenias,</span> <span class='ocrx_word' id='word_1_114' title='bbox 1190 1042 1366 1082; x_wconf 82' lang='lat' dir='ltr'>quarum</span> <span class='ocrx_word' id='word_1_115' title='bbox 1397 1021 1518 1066; x_wconf 77' lang='lat' dir='ltr'>etiam</span> <span class='ocrx_word' id='word_1_116' title='bbox 1547 1040 1637 1068; x_wconf 88' lang='lat' dir='ltr'>usus</span> <span class='ocrx_word' id='word_1_117' title='bbox 1667 1026 1708 1066; x_wconf 89' lang='lat' dir='ltr'>in</span> 
     </span>
     <span class='ocr_line' id='line_1_16' title="bbox 266 1081 1396 1136; baseline 0 -16"><span class='ocrx_word' id='word_1_118' title='bbox 266 1081 413 1121; x_wconf 81' lang='lat' dir='ltr'>habitu</span> <span class='ocrx_word' id='word_1_119' title='bbox 439 1083 676 1136; x_wconf 84' lang='lat' dir='ltr'>Augustali,</span> <span class='ocrx_word' id='word_1_120' title='bbox 707 1097 803 1121; x_wconf 86' lang='lat' dir='ltr'>num</span> <span class='ocrx_word' id='word_1_121' title='bbox 833 1081 1043 1135; x_wconf 81' lang='lat' dir='ltr'>significet,</span> <span class='ocrx_word' id='word_1_122' title='bbox 1073 1081 1227 1135; x_wconf 79' lang='lat' dir='ltr'>cogitet</span> <span class='ocrx_word' id='word_1_123' title='bbox 1254 1082 1396 1123; x_wconf 82' lang='lat' dir='ltr'>lector.</span> 
     </span>
    </p>
   </div>
   <div class='ocr_carea' id='block_1_5' title="bbox 263 1143 1710 1313">
    <p class='ocr_par' dir='ltr' id='par_1_5' title="bbox 263 1143 1710 1313">
     <span class='ocr_line' id='line_1_17' title="bbox 372 1143 1710 1201; baseline -0.001 -13"><span class='ocrx_word' id='word_1_124' title='bbox 372 1146 426 1188; x_wconf 83' lang='lat'>68</span> <span class='ocrx_word' id='word_1_125' title='bbox 480 1143 694 1201; x_wconf 78' lang='grc' dir='ltr'><strong><em>γεγονότος</em></strong></span> <span class='ocrx_word' id='word_1_126' title='bbox 722 1145 925 1201; x_wconf 76' lang='grc' dir='ltr'><strong><em>ἀφανοῦς]</em></strong></span> <span class='ocrx_word' id='word_1_127' title='bbox 958 1148 1059 1188; x_wconf 83' lang='lat' dir='ltr'>nihil</span> <span class='ocrx_word' id='word_1_128' title='bbox 1087 1147 1155 1187; x_wconf 86' lang='lat' dir='ltr'>hic</span> <span class='ocrx_word' id='word_1_129' title='bbox 1182 1146 1496 1189; x_wconf 77' lang='lat' dir='ltr'>emendandum.</span> <span class='ocrx_word' id='word_1_130' title='bbox 1551 1155 1605 1188; x_wconf 77' lang='lat' dir='ltr'>a&#39;c</span> <span class='ocrx_word' id='word_1_131' title='bbox 1638 1147 1710 1189; x_wconf 81' lang='lat' dir='ltr'>ubi</span> 
     </span>
     <span class='ocr_line' id='line_1_18' title="bbox 263 1202 1709 1266; baseline 0.002 -25"><span class='ocrx_word' id='word_1_132' title='bbox 263 1202 496 1266; x_wconf 81' lang='lat' dir='ltr'>disparuit,</span> <span class='ocrx_word' id='word_1_133' title='bbox 523 1203 670 1243; x_wconf 80' lang='lat' dir='ltr'>vzdisse</span> <span class='ocrx_word' id='word_1_134' title='bbox 711 1216 754 1242; x_wconf 81' lang='lat' dir='ltr'>se</span> <span class='ocrx_word' id='word_1_135' title='bbox 794 1215 884 1242; x_wconf 82' lang='lat' dir='ltr'>eum</span> <span class='ocrx_word' id='word_1_136' title='bbox 928 1202 1201 1243; x_wconf 77' lang='lat' dir='ltr'>arbitrabatur</span> <span class='ocrx_word' id='word_1_137' title='bbox 1214 1231 1227 1253; x_wconf 84' lang='lat'>‚</span> <span class='ocrx_word' id='word_1_138' title='bbox 1264 1214 1342 1244; x_wconf 82' lang='lat' dir='ltr'>non</span> <span class='ocrx_word' id='word_1_139' title='bbox 1357 1203 1492 1263; x_wconf 73' lang='lat' dir='ltr'>fuisse</span> <span class='ocrx_word' id='word_1_140' title='bbox 1513 1202 1709 1245; x_wconf 74' lang='lat' dir='ltr'>delusum.</span> 
     </span>
     <span class='ocr_line' id='line_1_19' title="bbox 267 1257 1582 1313; baseline 0.001 -17"><span class='ocrx_word' id='word_1_141' title='bbox 267 1257 322 1298; x_wconf 88' lang='lat' dir='ltr'>sic</span> <span class='ocrx_word' id='word_1_142' title='bbox 352 1258 501 1312; x_wconf 83' lang='lat' dir='ltr'>passim</span> <span class='ocrx_word' id='word_1_143' title='bbox 531 1257 678 1313; x_wconf 76' lang='lat' dir='ltr'>quibus</span> <span class='ocrx_word' id='word_1_144' title='bbox 703 1257 1032 1312; x_wconf 76' lang='lat' dir='ltr'>praestigiatores</span> <span class='ocrx_word' id='word_1_145' title='bbox 1066 1257 1263 1299; x_wconf 87' lang='lat' dir='ltr'>eiusmodi</span> <span class='ocrx_word' id='word_1_146' title='bbox 1292 1258 1542 1312; x_wconf 80' lang='lat' dir='ltr'>imponunt.</span> <span class='ocrx_word' id='word_1_147' title='bbox 1580 1271 1582 1275; x_wconf 85' lang='lat'><em>·</em></span> 
     </span>
    </p>
   </div>
   <div class='ocr_carea' id='block_1_6' title="bbox 266 1337 1716 1506">
    <p class='ocr_par' dir='ltr' id='par_1_6' title="bbox 266 1337 1716 1505">
     <span class='ocr_line' id='line_1_20' title="bbox 382 1337 1716 1395; baseline -0.001 -15"><span class='ocrx_word' id='word_1_148' title='bbox 382 1338 434 1380; x_wconf 82' lang='lat'>69</span> <span class='ocrx_word' id='word_1_149' title='bbox 490 1340 580 1395; x_wconf 83' lang='lat' dir='ltr'>lego</span> <span class='ocrx_word' id='word_1_150' title='bbox 628 1337 814 1391; x_wconf 79' lang='grc' dir='ltr'><strong><em>οἷκριβῶς</em></strong></span> <span class='ocrx_word' id='word_1_151' title='bbox 851 1340 1133 1392; x_wconf 76' lang='grc' dir='ltr'><strong><em>μεμνημένος.</em></strong></span> <span class='ocrx_word' id='word_1_152' title='bbox 1182 1348 1371 1395; x_wconf 82' lang='lat' dir='ltr'>tanquam</span> <span class='ocrx_word' id='word_1_153' title='bbox 1412 1342 1455 1381; x_wconf 80' lang='lat' dir='ltr'>in</span> <span class='ocrx_word' id='word_1_154' title='bbox 1498 1339 1716 1395; x_wconf 75' lang='lat' dir='ltr'>Apollonii</span> 
     </span>
     <span class='ocr_line' id='line_1_21' title="bbox 266 1395 1708 1460; baseline 0 -26"><span class='ocrx_word' id='word_1_155' title='bbox 266 1404 372 1436; x_wconf 74' lang='lat' dir='ltr'>secta</span> <span class='ocrx_word' id='word_1_156' title='bbox 416 1396 632 1448; x_wconf 77' lang='lat' dir='ltr'>diligenter</span> <span class='ocrx_word' id='word_1_157' title='bbox 666 1403 871 1446; x_wconf 75' lang='lat' dir='ltr'>versatus,</span> <span class='ocrx_word' id='word_1_158' title='bbox 921 1409 974 1438; x_wconf 86' lang='lat' dir='ltr'>ac</span> <span class='ocrx_word' id='word_1_159' title='bbox 1024 1396 1125 1435; x_wconf 83' lang='lat' dir='ltr'>arcis</span> <span class='ocrx_word' id='word_1_160' title='bbox 1172 1396 1359 1448; x_wconf 84' lang='lat' dir='ltr'>magicae</span> <span class='ocrx_word' id='word_1_161' title='bbox 1400 1395 1522 1435; x_wconf 79' lang='lat' dir='ltr'>valde</span> <span class='ocrx_word' id='word_1_162' title='bbox 1532 1396 1708 1460; x_wconf 77' lang='lat' dir='ltr'>peritus.</span> 
     </span>
     <span class='ocr_line' id='line_1_22' title="bbox 268 1450 1578 1506; baseline -0.002 -16"><span class='ocrx_word' id='word_1_163' title='bbox 268 1457 368 1491; x_wconf 87' lang='lat' dir='ltr'>nota</span> <span class='ocrx_word' id='word_1_164' title='bbox 394 1450 603 1504; x_wconf 87' lang='lat' dir='ltr'>Apollonii</span> <span class='ocrx_word' id='word_1_165' title='bbox 631 1450 810 1505; x_wconf 84' lang='lat' dir='ltr'>Tyanaei</span> <span class='ocrx_word' id='word_1_166' title='bbox 841 1451 1019 1506; x_wconf 78' lang='lat' dir='ltr'>conficta</span> <span class='ocrx_word' id='word_1_167' title='bbox 1059 1450 1254 1489; x_wconf 82' lang='lat' dir='ltr'>miracula</span> <span class='ocrx_word' id='word_1_168' title='bbox 1282 1456 1410 1504; x_wconf 79' lang='lat' dir='ltr'>atque</span> <span class='ocrx_word' id='word_1_169' title='bbox 1435 1450 1578 1503; x_wconf 80' lang='lat' dir='ltr'>magia.</span> 
     </span>
    </p>
   </div>
   <div class='ocr_carea' id='block_1_7' title="bbox 376 1527 1712 1590">
    <p class='ocr_par' dir='ltr' id='par_1_7' title="bbox 376 1527 1712 1590">
     <span class='ocr_line' id='line_1_23' title="bbox 376 1527 1712 1590; baseline -0.001 -17.995"><span class='ocrx_word' id='word_1_170' title='bbox 376 1531 430 1573; x_wconf 86' lang='lat'>70</span> <span class='ocrx_word' id='word_1_171' title='bbox 487 1530 531 1572; x_wconf 86' lang='grc' dir='ltr'>ἑν</span> <span class='ocrx_word' id='word_1_172' title='bbox 554 1531 610 1589; x_wconf 77' lang='grc' dir='ltr'>τῷ</span> <span class='ocrx_word' id='word_1_173' title='bbox 637 1531 810 1590; x_wconf 69' lang='grc' dir='ltr'><strong><em>τουβίῳ]</em></strong></span> <span class='ocrx_word' id='word_1_174' title='bbox 845 1532 1160 1583; x_wconf 79' lang='lat' dir='ltr'>Constantinus,</span> <span class='ocrx_word' id='word_1_175' title='bbox 1188 1529 1261 1571; x_wconf 79' lang='grc' dir='ltr'>τοῦ</span> <span class='ocrx_word' id='word_1_176' title='bbox 1288 1529 1556 1584; x_wconf 68' lang='grc' dir='ltr'><strong><em>ὑποδήματος</em></strong></span> <span class='ocrx_word' id='word_1_177' title='bbox 1583 1527 1712 1579; x_wconf 76' lang='grc' dir='ltr'><strong><em>ἐντός.</em></strong></span> 
     </span>
    </p>
   </div>
   <div class='ocr_carea' id='block_1_8' title="bbox 263 1604 1708 2322">
    <p class='ocr_par' dir='ltr' id='par_1_8' title="bbox 263 1604 1708 2322">
     <span class='ocr_line' id='line_1_24' title="bbox 372 1604 1708 1662; baseline -0.002 -11.984"><span class='ocrx_word' id='word_1_178' title='bbox 372 1609 423 1650; x_wconf 79' lang='lat'>71</span> <span class='ocrx_word' id='word_1_179' title='bbox 482 1605 785 1658; x_wconf 77' lang='grc' dir='ltr'><strong><em>α’ποσυνοψίζει</em></strong></span> <span class='ocrx_word' id='word_1_180' title='bbox 812 1609 940 1651; x_wconf 84' lang='grc' dir='ltr'><strong><em>Λέων</em></strong></span> <span class='ocrx_word' id='word_1_181' title='bbox 969 1604 990 1647; x_wconf 82' lang='grc' dir='ltr'><strong><em>ὅ</em></strong></span> <span class='ocrx_word' id='word_1_182' title='bbox 1019 1606 1244 1661; x_wconf 62' lang='grc' dir='ltr'>Ι,βοισιλέυς]</span> <span class='ocrx_word' id='word_1_183' title='bbox 1268 1616 1447 1662; x_wconf 78' lang='lat' dir='ltr'>paterna</span> <span class='ocrx_word' id='word_1_184' title='bbox 1469 1608 1708 1662; x_wconf 79' lang='lat' dir='ltr'>praesentia</span> 
     </span>
     <span class='ocr_line' id='line_1_25' title="bbox 264 1663 1706 1726; baseline 0 -22"><span class='ocrx_word' id='word_1_185' title='bbox 264 1673 380 1719; x_wconf 83' lang='lat' dir='ltr'>atque</span> <span class='ocrx_word' id='word_1_186' title='bbox 406 1673 616 1718; x_wconf 78' lang='lat' dir='ltr'>conspectu</span> <span class='ocrx_word' id='word_1_187' title='bbox 638 1665 825 1726; x_wconf 77' lang='lat' dir='ltr'>privatus</span> <span class='ocrx_word' id='word_1_188' title='bbox 854 1674 969 1714; x_wconf 76' lang='lat' dir='ltr'>erac,</span> <span class='ocrx_word' id='word_1_189' title='bbox 1011 1664 1195 1706; x_wconf 86' lang='lat' dir='ltr'>nondum</span> <span class='ocrx_word' id='word_1_190' title='bbox 1235 1663 1391 1702; x_wconf 86' lang='lat' dir='ltr'>scilieet</span> <span class='ocrx_word' id='word_1_191' title='bbox 1419 1664 1540 1716; x_wconf 86' lang='lat' dir='ltr'>plene</span> <span class='ocrx_word' id='word_1_192' title='bbox 1570 1663 1606 1703; x_wconf 90' lang='lat' dir='ltr'>ei</span> <span class='ocrx_word' id='word_1_193' title='bbox 1637 1677 1706 1705; x_wconf 82' lang='lat' dir='ltr'>re-</span> 
     </span>
     <span class='ocr_line' id='line_1_26' title="bbox 263 1717 1708 1773; baseline -0.002 -14"><span class='ocrx_word' id='word_1_194' title='bbox 263 1720 406 1759; x_wconf 88' lang='lat' dir='ltr'>stituta</span> <span class='ocrx_word' id='word_1_195' title='bbox 435 1726 607 1772; x_wconf 78' lang='lat' dir='ltr'>paterna</span> <span class='ocrx_word' id='word_1_196' title='bbox 635 1719 767 1771; x_wconf 78' lang='lat' dir='ltr'>gratia</span> <span class='ocrx_word' id='word_1_197' title='bbox 785 1749 796 1768; x_wconf 91' lang='lat'>,</span> <span class='ocrx_word' id='word_1_198' title='bbox 843 1719 894 1758; x_wconf 84' lang='lat' dir='ltr'>ad</span> <span class='ocrx_word' id='word_1_199' title='bbox 927 1733 1047 1773; x_wconf 87' lang='lat' dir='ltr'>quam</span> <span class='ocrx_word' id='word_1_200' title='bbox 1079 1719 1115 1759; x_wconf 88' lang='lat' dir='ltr'>ei</span> <span class='ocrx_word' id='word_1_201' title='bbox 1145 1717 1438 1759; x_wconf 80' lang='lat' dir='ltr'>restituendam</span> <span class='ocrx_word' id='word_1_202' title='bbox 1468 1732 1512 1759; x_wconf 82' lang='lat' dir='ltr'>ea</span> <span class='ocrx_word' id='word_1_203' title='bbox 1542 1717 1708 1759; x_wconf 78' lang='lat' dir='ltr'>videtur</span> 
     </span>
     <span class='ocr_line' id='line_1_27' title="bbox 264 1773 1708 1827; baseline -0.001 -14"><span class='ocrx_word' id='word_1_204' title='bbox 264 1774 348 1814; x_wconf 86' lang='lat' dir='ltr'>lusa</span> <span class='ocrx_word' id='word_1_205' title='bbox 376 1774 525 1823; x_wconf 84' lang='lat' dir='ltr'>fabula,</span> <span class='ocrx_word' id='word_1_206' title='bbox 555 1779 602 1812; x_wconf 87' lang='lat' dir='ltr'>ut</span> <span class='ocrx_word' id='word_1_207' title='bbox 628 1774 730 1813; x_wconf 86' lang='lat' dir='ltr'>sicut</span> <span class='ocrx_word' id='word_1_208' title='bbox 776 1788 971 1827; x_wconf 76' lang='lat' dir='ltr'>proceres</span> <span class='ocrx_word' id='word_1_209' title='bbox 1006 1774 1044 1813; x_wconf 90' lang='lat' dir='ltr'>in</span> <span class='ocrx_word' id='word_1_210' title='bbox 1077 1773 1268 1813; x_wconf 89' lang='lat' dir='ltr'>convivio</span> <span class='ocrx_word' id='word_1_211' title='bbox 1297 1773 1400 1812; x_wconf 85' lang='lat' dir='ltr'>solvi</span> <span class='ocrx_word' id='word_1_212' title='bbox 1432 1786 1601 1814; x_wconf 79' lang='lat' dir='ltr'>carcere</span> <span class='ocrx_word' id='word_1_213' title='bbox 1627 1773 1708 1813; x_wconf 83' lang='lat' dir='ltr'>ob·-</span> 
     </span>
     <span class='ocr_line' id='line_1_28' title="bbox 263 1828 1708 1882; baseline -0.001 -12"><span class='ocrx_word' id='word_1_214' title='bbox 263 1830 474 1871; x_wconf 75' lang='lat' dir='ltr'>tinuerant</span> <span class='ocrx_word' id='word_1_215' title='bbox 518 1833 681 1882; x_wconf 83' lang='lat' dir='ltr'>captata</span> <span class='ocrx_word' id='word_1_216' title='bbox 710 1830 922 1869; x_wconf 86' lang='lat' dir='ltr'>occasione</span> <span class='ocrx_word' id='word_1_217' title='bbox 967 1843 1011 1868; x_wconf 87' lang='lat' dir='ltr'>ex</span> <span class='ocrx_word' id='word_1_218' title='bbox 1042 1828 1206 1881; x_wconf 82' lang='lat' dir='ltr'>psittaci</span> <span class='ocrx_word' id='word_1_219' title='bbox 1234 1830 1412 1868; x_wconf 88' lang='lat' dir='ltr'>Leonem</span> <span class='ocrx_word' id='word_1_220' title='bbox 1442 1828 1708 1868; x_wconf 80' lang='lat' dir='ltr'>memorantis</span> 
     </span>
     <span class='ocr_line' id='line_1_29' title="bbox 265 1883 1707 1938; baseline -0.001 -14"><span class='ocrx_word' id='word_1_221' title='bbox 265 1899 314 1924; x_wconf 80' lang='lat' dir='ltr'>ac</span> <span class='ocrx_word' id='word_1_222' title='bbox 341 1885 453 1925; x_wconf 81' lang='lat' dir='ltr'>velut</span> <span class='ocrx_word' id='word_1_223' title='bbox 486 1883 739 1937; x_wconf 86' lang='lat' dir='ltr'>deplorantis</span> <span class='ocrx_word' id='word_1_224' title='bbox 758 1884 926 1938; x_wconf 82' lang='lat' dir='ltr'>garrulo</span> <span class='ocrx_word' id='word_1_225' title='bbox 958 1885 1150 1937; x_wconf 80' lang='lat' dir='ltr'>strepitu,</span> <span class='ocrx_word' id='word_1_226' title='bbox 1183 1883 1240 1922; x_wconf 90' lang='lat' dir='ltr'>sic</span> <span class='ocrx_word' id='word_1_227' title='bbox 1272 1884 1445 1937; x_wconf 87' lang='lat' dir='ltr'>populus</span> <span class='ocrx_word' id='word_1_228' title='bbox 1474 1884 1571 1923; x_wconf 80' lang='lat' dir='ltr'>ins,</span> <span class='ocrx_word' id='word_1_229' title='bbox 1593 1884 1707 1924; x_wconf 84' lang='lat' dir='ltr'>Eliac</span> 
     </span>
     <span class='ocr_line' id='line_1_30' title="bbox 264 1939 1708 2004; baseline -0.001 -25"><span class='ocrx_word' id='word_1_230' title='bbox 264 1939 423 1980; x_wconf 75' lang='lat' dir='ltr'>solenni</span> <span class='ocrx_word' id='word_1_231' title='bbox 435 1952 654 2004; x_wconf 41' lang='lat' dir='ltr'>Hpromssu,</span> <span class='ocrx_word' id='word_1_232' title='bbox 686 1940 750 1978; x_wconf 87' lang='lat' dir='ltr'>cui</span> <span class='ocrx_word' id='word_1_233' title='bbox 780 1939 943 1978; x_wconf 82' lang='lat' dir='ltr'>Basilius</span> <span class='ocrx_word' id='word_1_234' title='bbox 973 1939 1253 1978; x_wconf 86' lang='lat' dir='ltr'>devotissimus</span> <span class='ocrx_word' id='word_1_235' title='bbox 1283 1945 1399 1988; x_wconf 87' lang='lat' dir='ltr'>esset,</span> <span class='ocrx_word' id='word_1_236' title='bbox 1429 1953 1476 1978; x_wconf 82' lang='lat' dir='ltr'>ac</span> <span class='ocrx_word' id='word_1_237' title='bbox 1503 1939 1615 1978; x_wconf 85' lang='lat' dir='ltr'>velut</span> <span class='ocrx_word' id='word_1_238' title='bbox 1643 1939 1708 1978; x_wconf 80' lang='lat' dir='ltr'>se-</span> 
     </span>
     <span class='ocr_line' id='line_1_31' title="bbox 264 1993 1706 2049; baseline -0.002 -14"><span class='ocrx_word' id='word_1_239' title='bbox 264 1996 313 2035; x_wconf 90' lang='lat' dir='ltr'>sti</span> <span class='ocrx_word' id='word_1_240' title='bbox 342 1996 469 2049; x_wconf 80' lang='lat' dir='ltr'>gratia</span> <span class='ocrx_word' id='word_1_241' title='bbox 497 1994 790 2047; x_wconf 83' lang='lat' dir='ltr'>indulgentiam</span> <span class='ocrx_word' id='word_1_242' title='bbox 820 1995 1047 2034; x_wconf 81' lang='lat' dir='ltr'>absolutam</span> <span class='ocrx_word' id='word_1_243' title='bbox 1069 1999 1371 2047; x_wconf 80' lang='lat' dir='ltr'>paternumque</span> <span class='ocrx_word' id='word_1_244' title='bbox 1390 1993 1611 2033; x_wconf 81' lang='lat' dir='ltr'>successori</span> <span class='ocrx_word' id='word_1_245' title='bbox 1637 2008 1706 2033; x_wconf 86' lang='lat' dir='ltr'>so-</span> 
     </span>
     <span class='ocr_line' id='line_1_32' title="bbox 264 2048 1707 2100; baseline -0.001 -11"><span class='ocrx_word' id='word_1_246' title='bbox 264 2050 365 2089; x_wconf 89' lang='lat' dir='ltr'>lium</span> <span class='ocrx_word' id='word_1_247' title='bbox 393 2050 557 2090; x_wconf 82' lang='lat' dir='ltr'>ambiat.</span> <span class='ocrx_word' id='word_1_248' title='bbox 615 2048 712 2088; x_wconf 86' lang='lat' dir='ltr'>illuc</span> <span class='ocrx_word' id='word_1_249' title='bbox 741 2051 847 2089; x_wconf 90' lang='lat' dir='ltr'>enim</span> <span class='ocrx_word' id='word_1_250' title='bbox 878 2049 943 2088; x_wconf 84' lang='lat' dir='ltr'>illa</span> <span class='ocrx_word' id='word_1_251' title='bbox 978 2048 1213 2089; x_wconf 80' lang='lat' dir='ltr'>exclamatio</span> <span class='ocrx_word' id='word_1_252' title='bbox 1246 2049 1450 2099; x_wconf 84' lang='lat' dir='ltr'>collineat,</span> <span class='ocrx_word' id='word_1_253' title='bbox 1478 2050 1612 2100; x_wconf 77' lang='lat' dir='ltr'>gloria</span> <span class='ocrx_word' id='word_1_254' title='bbox 1631 2049 1707 2089; x_wconf 75' lang='lat' dir='ltr'>ubi</span> 
     </span>
     <span class='ocr_line' id='line_1_33' title="bbox 264 2104 1704 2158; baseline -0.001 -14"><span class='ocrx_word' id='word_1_255' title='bbox 264 2106 444 2156; x_wconf 81' lang='lat' dir='ltr'>domine,</span> <span class='ocrx_word' id='word_1_256' title='bbox 478 2104 797 2145; x_wconf 85' lang='lat' dir='ltr'>subintroducto</span> <span class='ocrx_word' id='word_1_257' title='bbox 825 2106 963 2146; x_wconf 87' lang='lat' dir='ltr'>Leone</span> <span class='ocrx_word' id='word_1_258' title='bbox 995 2119 1042 2143; x_wconf 87' lang='lat' dir='ltr'>ac</span> <span class='ocrx_word' id='word_1_259' title='bbox 1081 2109 1292 2157; x_wconf 86' lang='lat' dir='ltr'>praesente</span> <span class='ocrx_word' id='word_1_260' title='bbox 1334 2104 1408 2143; x_wconf 87' lang='lat' dir='ltr'>sub</span> <span class='ocrx_word' id='word_1_261' title='bbox 1457 2104 1545 2158; x_wconf 88' lang='lat' dir='ltr'>ipso</span> <span class='ocrx_word' id='word_1_262' title='bbox 1575 2104 1704 2157; x_wconf 84' lang='lat' dir='ltr'>patris</span> 
     </span>
     <span class='ocr_line' id='line_1_34' title="bbox 265 2158 1705 2214; baseline -0.002 -14"><span class='ocrx_word' id='word_1_263' title='bbox 265 2173 480 2214; x_wconf 84' lang='lat' dir='ltr'>processu,</span> <span class='ocrx_word' id='word_1_264' title='bbox 509 2158 769 2213; x_wconf 87' lang='lat' dir='ltr'>eiusdemque</span> <span class='ocrx_word' id='word_1_265' title='bbox 812 2160 862 2199; x_wconf 81' lang='lat' dir='ltr'>ad</span> <span class='ocrx_word' id='word_1_266' title='bbox 894 2175 980 2200; x_wconf 86' lang='lat' dir='ltr'>eam</span> <span class='ocrx_word' id='word_1_267' title='bbox 1018 2160 1243 2212; x_wconf 85' lang='lat' dir='ltr'>responsio.</span> <span class='ocrx_word' id='word_1_268' title='bbox 1303 2158 1484 2199; x_wconf 88' lang='lat' dir='ltr'>eiusdem</span> <span class='ocrx_word' id='word_1_269' title='bbox 1510 2160 1622 2199; x_wconf 86' lang='lat' dir='ltr'>vocis</span> <span class='ocrx_word' id='word_1_270' title='bbox 1647 2159 1705 2198; x_wconf 89' lang='lat' dir='ltr'>vis</span> 
     </span>
     <span class='ocr_line' id='line_1_35' title="bbox 265 2212 1702 2278; baseline -0.001 -24"><span class='ocrx_word' id='word_1_271' title='bbox 265 2216 454 2269; x_wconf 83' lang='lat' dir='ltr'>aperitur</span> <span class='ocrx_word' id='word_1_272' title='bbox 479 2221 520 2256; x_wconf 86' lang='lat' dir='ltr'>et</span> <span class='ocrx_word' id='word_1_273' title='bbox 550 2228 642 2278; x_wconf 85' lang='lat' dir='ltr'>pag.</span> <span class='ocrx_word' id='word_1_274' title='bbox 671 2212 765 2265; x_wconf 64' lang='lat'>433,</span> <span class='ocrx_word' id='word_1_275' title='bbox 796 2215 866 2255; x_wconf 86' lang='lat' dir='ltr'>ubi</span> <span class='ocrx_word' id='word_1_276' title='bbox 895 2215 946 2255; x_wconf 89' lang='lat' dir='ltr'>de</span> <span class='ocrx_word' id='word_1_277' title='bbox 969 2215 1167 2255; x_wconf 86' lang='lat' dir='ltr'>Damiano</span> <span class='ocrx_word' id='word_1_278' title='bbox 1197 2215 1350 2277; x_wconf 82' lang='lat' dir='ltr'>refuga,</span> <span class='ocrx_word' id='word_1_279' title='bbox 1380 2227 1473 2253; x_wconf 87' lang='lat' dir='ltr'>cum</span> <span class='ocrx_word' id='word_1_280' title='bbox 1508 2228 1591 2269; x_wconf 88' lang='lat' dir='ltr'>quo</span> <span class='ocrx_word' id='word_1_281' title='bbox 1618 2213 1702 2254; x_wconf 91' lang='lat' dir='ltr'>Leo</span> 
     </span>
     <span class='ocr_line' id='line_1_36' title="bbox 265 2262 1704 2322; baseline -0.001 -12"><span class='ocrx_word' id='word_1_282' title='bbox 265 2271 387 2311; x_wconf 87' lang='lat' dir='ltr'>vellet</span> <span class='ocrx_word' id='word_1_283' title='bbox 413 2271 546 2310; x_wconf 87' lang='lat' dir='ltr'>mitius</span> <span class='ocrx_word' id='word_1_284' title='bbox 572 2270 657 2322; x_wconf 86' lang='lat' dir='ltr'>agi,</span> <span class='ocrx_word' id='word_1_285' title='bbox 703 2269 856 2310; x_wconf 87' lang='lat' dir='ltr'>dicitur</span> <span class='ocrx_word' id='word_1_286' title='bbox 883 2264 1031 2322; x_wconf 73' lang='grc' dir='ltr'><strong><em>ἤθελεν</em></strong></span> <span class='ocrx_word' id='word_1_287' title='bbox 1072 2266 1093 2308; x_wconf 81' lang='grc' dir='ltr'><strong><em>ὅ</em></strong></span> <span class='ocrx_word' id='word_1_288' title='bbox 1120 2266 1317 2320; x_wconf 78' lang='grc' dir='ltr'><strong><em>βασιλευς</em></strong></span> <span class='ocrx_word' id='word_1_289' title='bbox 1355 2262 1704 2321; x_wconf 48' lang='lat' dir='ltr'>cinnomo-pm&amp;-</span> 
     </span>
    </p>
   </div>
   <div class='ocr_carea' id='block_1_9' title="bbox 266 2322 1773 2388">
    <p class='ocr_par' dir='ltr' id='par_1_9' title="bbox 266 2322 1773 2388">
     <span class='ocr_line' id='line_1_37' title="bbox 266 2322 1773 2388; baseline -0.001 -23"><span class='ocrx_word' id='word_1_290' title='bbox 266 2340 336 2365; x_wconf 85' lang='grc' dir='ltr'>ναι</span> <span class='ocrx_word' id='word_1_291' title='bbox 364 2324 509 2381; x_wconf 74' lang='grc' dir='ltr'><strong><em>αυτῷε</em></strong></span> <span class='ocrx_word' id='word_1_292' title='bbox 528 2324 859 2388; x_wconf 81' lang='lat' dir='ltr'>exprimuntque</span> <span class='ocrx_word' id='word_1_293' title='bbox 890 2325 1096 2367; x_wconf 85' lang='lat' dir='ltr'>Cedrenus</span> <span class='ocrx_word' id='word_1_294' title='bbox 1129 2331 1170 2366; x_wconf 86' lang='lat' dir='ltr'>et</span> <span class='ocrx_word' id='word_1_295' title='bbox 1196 2327 1439 2388; x_wconf 80' lang='lat' dir='ltr'>Anonymus</span> <span class='ocrx_word' id='word_1_296' title='bbox 1460 2322 1705 2376; x_wconf 76' lang='grc' dir='ltr'><strong><em>συγγνώμης</em></strong></span> <span class='ocrx_word' id='word_1_297' title='bbox 1770 2350 1773 2354; x_wconf 91' lang='lat'>-</span> 
     </span>
    </p>
   </div>
   <div class='ocr_carea' id='block_1_10' title="bbox 265 2366 1706 2764">
    <p class='ocr_par' dir='ltr' id='par_1_10' title="bbox 265 2366 1706 2764">
     <span class='ocr_line' id='line_1_38' title="bbox 266 2366 1704 2435; baseline 0 -17"><span class='ocrx_word' id='word_1_298' title='bbox 266 2384 407 2431; x_wconf 78' lang='grc' dir='ltr'><strong><em>τυχεῖν</em></strong></span> <span class='ocrx_word' id='word_1_299' title='bbox 436 2366 574 2424; x_wconf 78' lang='grc' dir='ltr'><strong><em>αυτόν</em></strong></span> <span class='ocrx_word' id='word_1_300' title='bbox 632 2381 733 2419; x_wconf 73' lang='lat' dir='ltr'>lianc</span> <span class='ocrx_word' id='word_1_301' title='bbox 757 2383 795 2418; x_wconf 84' lang='lat' dir='ltr'>ei</span> <span class='ocrx_word' id='word_1_302' title='bbox 819 2382 1070 2420; x_wconf 78' lang='lat' dir='ltr'>mztissimam</span> <span class='ocrx_word' id='word_1_303' title='bbox 1091 2393 1263 2435; x_wconf 80' lang='lat' dir='ltr'>poenam</span> <span class='ocrx_word' id='word_1_304' title='bbox 1283 2392 1437 2431; x_wconf 79' lang='lat' dir='ltr'>zmpom</span> <span class='ocrx_word' id='word_1_305' title='bbox 1469 2389 1511 2419; x_wconf 81' lang='lat' dir='ltr'>ut</span> <span class='ocrx_word' id='word_1_306' title='bbox 1534 2380 1578 2418; x_wconf 82' lang='lat' dir='ltr'>in</span> <span class='ocrx_word' id='word_1_307' title='bbox 1606 2393 1704 2419; x_wconf 85' lang='lat' dir='ltr'>con-</span> 
     </span>
     <span class='ocr_line' id='line_1_39' title="bbox 265 2434 1704 2490; baseline 0.001 -19.003"><span class='ocrx_word' id='word_1_308' title='bbox 265 2445 438 2490; x_wconf 77' lang='lat' dir='ltr'>spectum</span> <span class='ocrx_word' id='word_1_309' title='bbox 476 2435 614 2474; x_wconf 78' lang='lat' dir='ltr'>venire</span> <span class='ocrx_word' id='word_1_310' title='bbox 649 2449 727 2475; x_wconf 83' lang='lat' dir='ltr'>non</span> <span class='ocrx_word' id='word_1_311' title='bbox 767 2436 915 2475; x_wconf 71' lang='lat' dir='ltr'>liceret.</span> <span class='ocrx_word' id='word_1_312' title='bbox 981 2451 1023 2475; x_wconf 84' lang='lat' dir='ltr'>se</span> <span class='ocrx_word' id='word_1_313' title='bbox 1062 2436 1205 2474; x_wconf 70' lang='lat' dir='ltr'>retiret·</span> <span class='ocrx_word' id='word_1_314' title='bbox 1237 2448 1347 2488; x_wconf 82' lang='lat' dir='ltr'>pour·</span> <span class='ocrx_word' id='word_1_315' title='bbox 1375 2448 1431 2474; x_wconf 85' lang='lat' dir='ltr'>un</span> <span class='ocrx_word' id='word_1_316' title='bbox 1462 2443 1555 2475; x_wconf 78' lang='lat' dir='ltr'>tems</span> <span class='ocrx_word' id='word_1_317' title='bbox 1583 2435 1633 2474; x_wconf 86' lang='lat' dir='ltr'>de</span> <span class='ocrx_word' id='word_1_318' title='bbox 1661 2434 1704 2472; x_wconf 88' lang='lat' dir='ltr'>la</span> 
     </span>
     <span class='ocr_line' id='line_1_40' title="bbox 265 2487 1703 2557; baseline -0.001 -29"><span class='ocrx_word' id='word_1_319' title='bbox 265 2504 370 2529; x_wconf 80' lang='lat' dir='ltr'>cour.</span> <span class='ocrx_word' id='word_1_320' title='bbox 427 2491 483 2530; x_wconf 87' lang='lat' dir='ltr'>sic</span> <span class='ocrx_word' id='word_1_321' title='bbox 503 2492 773 2557; x_wconf 33' lang='lat' dir='ltr'>sequentia„</span> <span class='ocrx_word' id='word_1_322' title='bbox 745 2490 920 2530; x_wconf 82' lang='lat' dir='ltr'>eiusdem</span> <span class='ocrx_word' id='word_1_323' title='bbox 943 2490 1142 2556; x_wconf 86' lang='lat' dir='ltr'>Anonymi</span> <span class='ocrx_word' id='word_1_324' title='bbox 1171 2488 1410 2529; x_wconf 80' lang='lat' dir='ltr'>declarant.</span> <span class='ocrx_word' id='word_1_325' title='bbox 1440 2488 1604 2542; x_wconf 77' lang='grc' dir='ltr'><strong><em>ἐποίησε</em></strong></span> <span class='ocrx_word' id='word_1_326' title='bbox 1620 2487 1703 2527; x_wconf 82' lang='grc' dir='ltr'>Σα-</span> 
     </span>
     <span class='ocr_line' id='line_1_41' title="bbox 265 2541 1706 2612; baseline -0.002 -29"><span class='ocrx_word' id='word_1_327' title='bbox 265 2545 407 2594; x_wconf 85' lang='grc' dir='ltr'><strong><em>μωνᾶς</em></strong></span> <span class='ocrx_word' id='word_1_328' title='bbox 436 2544 515 2585; x_wconf 80' lang='grc' dir='ltr'>ἀπο</span> <span class='ocrx_word' id='word_1_329' title='bbox 547 2541 686 2596; x_wconf 77' lang='grc' dir='ltr'><strong><em>ὂψεως</em></strong></span> <span class='ocrx_word' id='word_1_330' title='bbox 713 2545 846 2596; x_wconf 84' lang='grc' dir='ltr'><strong><em>μῆνας</em></strong></span> <span class='ocrx_word' id='word_1_331' title='bbox 874 2546 1074 2597; x_wconf 78' lang='grc' dir='ltr'><strong><em>τέσσαρας</em></strong></span> <span class='ocrx_word' id='word_1_332' title='bbox 1113 2543 1158 2583; x_wconf 82' lang='grc' dir='ltr'>ἑν</span> <span class='ocrx_word' id='word_1_333' title='bbox 1185 2559 1239 2598; x_wconf 76' lang='grc' dir='ltr'>τω</span> <span class='ocrx_word' id='word_1_334' title='bbox 1272 2542 1505 2612; x_wconf 78' lang='grc' dir='ltr'><strong><em>Καίσαρος</em></strong></span> <span class='ocrx_word' id='word_1_335' title='bbox 1519 2544 1706 2596; x_wconf 73' lang='grc' dir='ltr'><strong><em>καθήμε-</em></strong></span> 
     </span>
     <span class='ocr_line' id='line_1_42' title="bbox 267 2595 1703 2664; baseline -0.001 -27"><span class='ocrx_word' id='word_1_336' title='bbox 267 2613 347 2650; x_wconf 83' lang='grc' dir='ltr'><strong><em>νος,</em></strong></span> <span class='ocrx_word' id='word_1_337' title='bbox 375 2614 442 2639; x_wconf 87' lang='grc' dir='ltr'>και</span> <span class='ocrx_word' id='word_1_338' title='bbox 475 2598 580 2664; x_wconf 72' lang='grc' dir='ltr'><strong><em>μετὰ</em></strong></span> <span class='ocrx_word' id='word_1_339' title='bbox 611 2601 742 2640; x_wconf 80' lang='grc' dir='ltr'><em>ταῦτα</em></span> <span class='ocrx_word' id='word_1_340' title='bbox 770 2601 840 2651; x_wconf 81' lang='grc' dir='ltr'>τῆς</span> <span class='ocrx_word' id='word_1_341' title='bbox 867 2600 1085 2651; x_wconf 73' lang='grc' dir='ltr'><strong><em>βασιλικῆς</em></strong></span> <span class='ocrx_word' id='word_1_342' title='bbox 1115 2608 1259 2664; x_wconf 78' lang='grc' dir='ltr'><strong><em>οψεως</em></strong></span> <span class='ocrx_word' id='word_1_343' title='bbox 1282 2613 1352 2638; x_wconf 82' lang='grc' dir='ltr'>και</span> <span class='ocrx_word' id='word_1_344' title='bbox 1383 2595 1550 2650; x_wconf 73' lang='grc' dir='ltr'><strong><em>ὁμιλίας</em></strong></span> <span class='ocrx_word' id='word_1_345' title='bbox 1577 2611 1703 2648; x_wconf 80' lang='grc' dir='ltr'><strong><em>κατη-</em></strong></span> 
     </span>
     <span class='ocr_line' id='line_1_43' title="bbox 266 2648 1702 2709; baseline -0.001 -16"><span class='ocrx_word' id='word_1_346' title='bbox 266 2651 407 2707; x_wconf 77' lang='grc' dir='ltr'><strong><em>ξιωθη.</em></strong></span> <span class='ocrx_word' id='word_1_347' title='bbox 463 2656 519 2695; x_wconf 85' lang='lat' dir='ltr'>sic</span> <span class='ocrx_word' id='word_1_348' title='bbox 554 2657 604 2696; x_wconf 88' lang='lat' dir='ltr'>de</span> <span class='ocrx_word' id='word_1_349' title='bbox 633 2657 720 2708; x_wconf 82' lang='lat' dir='ltr'>ipso</span> <span class='ocrx_word' id='word_1_350' title='bbox 742 2657 879 2695; x_wconf 87' lang='lat' dir='ltr'>Leone</span> <span class='ocrx_word' id='word_1_351' title='bbox 904 2653 1093 2709; x_wconf 73' lang='grc' dir='ltr'><strong><em>ἐποίησεν</em></strong></span> <span class='ocrx_word' id='word_1_352' title='bbox 1124 2651 1205 2694; x_wconf 74' lang='grc' dir='ltr'>ἀπὸ</span> <span class='ocrx_word' id='word_1_353' title='bbox 1236 2648 1376 2706; x_wconf 73' lang='grc' dir='ltr'><strong><em>ὄψεως</em></strong></span> <span class='ocrx_word' id='word_1_354' title='bbox 1403 2653 1538 2707; x_wconf 82' lang='grc' dir='ltr'><strong><em>μῆνας</em></strong></span> <span class='ocrx_word' id='word_1_355' title='bbox 1563 2654 1702 2707; x_wconf 67' lang='grc' dir='ltr'><strong><em>τρεΐςι</em></strong></span> 
     </span>
     <span class='ocr_line' id='line_1_44' title="bbox 268 2712 810 2764; baseline 0.002 -17"><span class='ocrx_word' id='word_1_356' title='bbox 268 2724 369 2764; x_wconf 82' lang='lat' dir='ltr'>quos</span> <span class='ocrx_word' id='word_1_357' title='bbox 395 2712 500 2750; x_wconf 86' lang='lat' dir='ltr'>istud</span> <span class='ocrx_word' id='word_1_358' title='bbox 531 2718 712 2751; x_wconf 83' lang='lat' dir='ltr'>secutum</span> <span class='ocrx_word' id='word_1_359' title='bbox 743 2716 810 2750; x_wconf 84' lang='lat' dir='ltr'>est.</span> 
     </span>
    </p>
   </div>
  </div>
 </body>
</html>
