1838 3132
604 109 1098 153 CHRONOGRAPHIA.
1472 107 1563 152 133

108 212 294 259 Παύλου
340 214 385 255 ἐν
417 213 476 271 τῷ
519 211 879 269 ὄρφανοτροφείῳ.
946 209 1053 252 α’λλὰ
1094 207 1167 256 καὶ
1191 207 1268 258 τὰς
1297 205 1375 250 δόο
1408 204 1566 260 ἇψῖδας

106 280 188 321 τῶν
215 280 474 335 Βλαχερνῶν
505 276 527 319 ὅ
556 277 688 327 αὕτός
717 278 991 333 προσέθηκεν,
1023 273 1081 326 ὥς
1107 272 1216 318 εἶναι
1243 274 1319 330 τὴν
1346 275 1567 329 ἐκκλησίαν

106 343 372 402 σταυρωτήν,
398 345 664 394 καλλωπίσας
691 345 743 399 τῇ
769 345 851 386 τῶν
889 342 1038 386 κιόνων
1067 342 1139 384 καί
1167 340 1406 396 μαρμάρων
1434 355 1568 382 ποικι-

109 412 193 468 λίᾳ.
255 414 433 466 Ναρσῆς
476 413 523 453 δὲ
552 410 573 451 ὅ
603 408 944 464 κουβικουλάριος
971 409 1164 464 ἠγαπᾶτο
1193 405 1307 463 παρὰ
1337 409 1414 450 τοῦ
1440 408 1566 460 βασι-

75 479 239 527 5λέως·
300 476 366 519 διό
398 478 471 519 καί
489 477 739 531 ἐλοιδορεῖτο
767 477 829 524 εἰς
856 474 985 517 αὐτὸν
1013 472 1096 517 ὑπὸ
1119 476 1203 518 τῶν
1227 473 1442 518 εἰωθότων
1465 472 1570 522 ἴσως

110 544 244 586 πάντα
273 543 489 585 ὑπονοεῖν·
557 540 604 583 ὃν
645 544 718 584 καί
745 543 989 584 α’πέστειλεν
1028 543 1088 591 εἰς
1114 542 1433 596 Ἀλεξάνδρειαν
1460 537 1566 582 narni

108 611 280 664 ἐχθρῶν
323 611 555 663 πολεμίων,
596 610 670 650 καί
711 610 963 663 διεπράξατο
1003 607 1173 662 πράξεις
1200 608 1386 663 ἀρίστας.
1445 601 1569 656 οὗτος

106 675 128 719 ὃ
158 677 333 731 Ναρσῆς
362 674 498 717 ἔκτισε
527 674 602 717 τόν
631 673 733 717 ναὸν
761 676 834 728 τῆς
864 674 1094 728 ὖπεραγιάς
1125 674 1336 726 θεοτόκου,
1362 675 1406 715 ἐν
1435 666 1468 730 ᾧ
1496 672 1571 715 καὶ

107 740 289 795 λείψανα
317 743 399 784 ταῖν
426 741 556 796 ἁγίων
583 740 813 796 μαρτύρων
844 740 1024 795 Πρόβου
1066 739 1266 794 Ταράχου
1294 742 1368 782 καὶ
1390 736 1568 795 Ἀνδρο·

52 814 94 848 10
108 810 220 851 νίκου
251 808 457 850 ιῖπέθετο·
516 805 627 857 ὅστις
657 806 757 856 ναός
785 805 835 849 τά
868 809 1048 861 Ναρσοῦ
1076 809 1252 860 λέγεται.

218 869 350 924 Οὗτος
379 873 399 915 ὃ
429 876 649 924 Ἰουστῖνος
678 875 868 928 συνεχῶς
897 870 1183 928 ἐνοσηλεύετο·
1243 865 1344 913 ὅθεν
1371 869 1409 914 οἱ
1436 870 1568 913 δυνά-

104 957 203 983 σται
243 940 295 983 τὰ
334 944 417 983 ταῖν
456 943 636 995 πτωχῶν
671 938 858 997 ἥρπαζον
895 939 965 981 καὶ
1005 937 1177 987 ου’ὁενός
1206 940 1438 995 ἐφείδοντο.
1497 940 1572 980 καί

104 1022 204 1049 ποτε
239 1009 316 1050 τοῦ
353 1009 563 1060 βασιλέως
605 1008 676 1049 ἐπὶ
724 1004 949 1060 πρόκενσον
991 1003 1230 1058 ἐξελθόντος
1274 1005 1460 1057 ἐπεβόων
1503 1002 1569 1047 ὅτι

103 1077 288 1115 πλεῖστοι
316 1071 433 1128 παρὰ
474 1075 554 1115 τῶν
583 1073 776 1115 δυνατῶν
810 1069 1122 1126 βλαπτόμενοι·
1179 1072 1256 1113 τοῦ
1286 1071 1332 1112 δὲ
1359 1073 1567 1124 βασιλέως

49 1145 91 1179 15
105 1138 462 1194 ἀγανακτήσαντος
507 1135 568 1189 εἷς
610 1141 672 1188 τίς
703 1141 788 1181 τῶν
816 1139 861 1180 ἐν
889 1140 1000 1180 τέλει
1029 1134 1432 1193 παρρησιασόμενός
1460 1151 1566 1192 φησι

102 1206 160 1262 τῷ
185 1209 360 1259 βασιλεῖ’
382 1203 724 1259 (ὄπροχειρισοέτω
738 1220 805 1259 με,
838 1205 1037 1258 δέσποτα,
1068 1203 1094 1260 ἢ
1124 1205 1322 1258 βασιλεία
1350 1218 1427 1246 σου
1458 1200 1565 1244 ένοό-

101 1287 197 1314 πιον
241 1270 437 1314 ἁπάντων
478 1270 693 1327 ἔπαρχον,
725 1273 798 1313 καί
822 1273 979 1325 βιβαιῶ
1011 1286 1059 1314 σε
1085 1273 1213 1326 μέχρι
1241 1268 1274 1312 λ’
1305 1268 1474 1325 ἡμερῶν
1502 1267 1560 1324 μὴ

101 1337 376 1392 εὑρίσκεσθαι
402 1338 474 1380 τὸν
507 1338 731 1380 ἀδικοῦντα
760 1333 788 1392 ἢ
817 1336 1130 1390 ἅδικούμενον.”
1158 1338 1231 1378 καί
1244 1335 1406 1385 εὕθέως
1436 1339 1562 1390 προε-4

101 1404 301 1459 χειρίσθη
346 1402 529 1457 ἔπαρχος
571 1403 630 1452 ὥς
673 1405 747 1445 καί
776 1405 853 1445 τοῦ
878 1405 1090 1457 βασιλέως
1119 1404 1433 1455 ἀποδεξαμένου
1462 1404 1560 1444 τοῦ·

43 1483 89 1518 20
103 1487 185 1513 τον.
243 1474 298 1527 τῇ
322 1473 369 1514 δὲ
396 1470 528 1512 ἕωθεν
555 1471 626 1513 ἑπί
650 1468 695 1512 τὸ
726 1473 802 1511 τοῦ
831 1469 1022 1524 ἐπάρχου
1050 1469 1305 1517 καθίσαντος
1331 1470 1463 1523 βῆμα,
1490 1467 1564 1510 καὶ

99 1536 295 1592 γυναικὸς
332 1537 472 1592 χήρας
514 1539 631 1594 αὐτῷ
663 1534 1006 1591 προσελθούσης,
1030 1535 1103 1578 καί
1131 1535 1323 1592 φησάσης
1355 1536 1410 1583 ὥς
1433 1532 1560 1587 μα’γι-

97 1604 226 1658 στρός
249 1620 312 1654 τις
331 1603 605 1659 καθήρπασεν
627 1604 755 1658 αὐτῆς
783 1603 858 1658 τήν
879 1599 1048 1645 ἅπασαν
1069 1604 1217 1644 ου’σιάν
1234 1603 1307 1643 καί
1334 1601 1405 1642 διὰ
1435 1602 1560 1642 τοῦτο

98 1672 160 1722 εἰς
204 1670 387 1727 α’πόριαν
422 1674 626 1726 κατέστη,
657 1669 740 1726 ἔφη
778 1668 799 1712 ὃ
827 1667 1014 1725 ἔπαρχος
1053 1670 1254 1712 α’πελθεῖν
1286 1666 1421 1722 αὕτὴν
1448 1664 1555 1719 μετὰ

99 1841 200 1875 Pauli
228 1841 265 1874 in
293 1840 611 1887 orphanotropheo
640 1842 828 1875 exstruxit.
890 1839 1032 1874 addidit
1059 1839 1153 1873 idem
1178 1839 1267 1873 duas
1292 1849 1447 1873 cameras
1475 1840 1552 1872 Bla-

99 1888 332 1929 chmnarum,
361 1895 400 1922 ut
424 1890 535 1921 crucis
564 1890 711 1922 sormam
750 1887 942 1934 praeberet
970 1887 1141 1928 ecclesia,
1176 1898 1305 1919 ornans
1341 1899 1416 1920 eam
1451 1887 1554 1920 colu-

97 1936 189 1968 mnis
217 1940 254 1969 et
278 1947 462 1969 marmore.
492 1937 621 1970 Narses
649 1935 892 1968 cubicularius
922 1946 1032 1982 quum
1058 1940 1238 1968 amaretur
1260 1946 1279 1966 a
1306 1946 1398 1978 rege,
1421 1934 1453 1966 ei
1477 1946 1552 1966 ma-

99 1982 306 2016 ledixerunt
333 1984 372 2023 ii,
399 1984 461 2029 qui
490 1989 748 2017 consueverant
774 1994 953 2029 quemque
979 1984 1171 2028 suspicere.
1223 1981 1318 2014 hunc
1344 1982 1441 2014 misit
1464 1982 1551 2013 Ale-

98 2029 277 2063 xandriam
318 2030 488 2064 adversus
523 2030 644 2064 hostes
671 2036 707 2064 et
745 2042 798 2064 res
827 2031 962 2076 optime
1001 2031 1122 2074 gessit.
1186 2029 1245 2062 hic
1270 2029 1396 2062 Narses
1425 2027 1549 2061 aedem

98 2078 341 2111 sanctissimae
369 2078 488 2111 matris
515 2078 574 2111 dei
604 2077 791 2118 condidit,
818 2079 855 2110 in
895 2088 966 2123 qua
990 2077 1160 2124 reliquias
1184 2082 1387 2110 sanctorum
1414 2081 1549 2118 marty-

99 2136 174 2157 rum
213 2124 318 2158 Probi
342 2124 493 2159 Tarachi
539 2131 576 2159 et
612 2125 809 2160 Andronici
844 2124 1022 2171 deposuit.
1078 2124 1168 2158 haec
1198 2123 1404 2170 appellatur
1442 2123 1551 2156 aedes

96 2172 265 2205 Narsetis.

189 2219 255 2252 Hic
278 2219 435 2252 Iustinus
471 2220 644 2253 continuo
674 2219 903 2264 aegrotabat3
942 2228 1051 2265 quare
1078 2229 1244 2264 proceres
1269 2228 1324 2251 res
1353 2228 1549 2263 pauperum

96 2265 284 2310 rapiebant
316 2277 383 2299 nec
408 2266 573 2313 cuiquam
612 2267 819 2313 parcebant.
883 2269 993 2311 atque
1018 2276 1204 2311 progresso
1245 2264 1442 2311 aliquando
1470 2274 1550 2307 rege

95 2312 141 2344 ad
176 2324 402 2357 processum,
438 2326 544 2360 quam
581 2315 727 2360 plurimi
769 2325 788 2346 a
820 2313 1030 2359 potentibus
1064 2324 1103 2346 se
1136 2313 1293 2359 opprimi
1328 2310 1548 2345 clamabant:

95 2359 193 2404 quod
219 2371 329 2406 quum
355 2371 459 2404 aegre
480 2362 588 2395 ferret
612 2373 684 2402 rex,
709 2373 799 2394 unus
815 2372 834 2394 e
858 2360 1135 2404 magistratibus,
1162 2360 1277 2393 libere
1297 2359 1407 2401 dixit3
1436 2364 1549 2391 “con-

95 2406 222 2440 stimat
246 2419 313 2446 me,
347 2408 514 2442 maiestas
547 2414 608 2442 tua
645 2420 763 2442 coram
802 2407 966 2442 omnibus
1006 2413 1228 2453 praetorem,
1257 2407 1441 2452 promitto,
1466 2409 1550 2450 post

96 2454 242 2498 triginta
278 2454 353 2487 dies
380 2456 520 2489 nullum
561 2457 746 2489 inventum
770 2456 810 2488 iri
837 2467 955 2500 neque
979 2461 1144 2489 vexatum
1178 2465 1297 2500 neque
1327 2452 1548 2486 vexantem.''

95 2501 214 2534 statim
239 2501 303 2533 ille
329 2508 472 2547 praetor
496 2504 712 2537 constitutus
737 2509 801 2543 est,
826 2513 934 2548 quum
968 2513 1028 2534 rex
1065 2513 1211 2548 quoque
1238 2513 1318 2534 eum
1343 2500 1547 2544 accepisset.

96 2548 272 2581 matutino
298 2554 414 2582 autem
442 2556 601 2597 tempore
631 2550 692 2584 ubi
719 2551 754 2583 in
792 2550 965 2595 praetoris
991 2549 1079 2582 sella
1105 2548 1279 2586 consedit,
1309 2559 1415 2592 quum
1444 2545 1547 2579 vidua

94 2595 278 2628 adveniret
307 2601 342 2628 et
367 2597 568 2641 magistrum
594 2599 751 2643 aliquem
778 2608 917 2629 omnem
941 2608 1010 2629 rem
1029 2596 1237 2629 familiarem
1265 2595 1331 2628 sibi
1357 2594 1547 2627 abstulisse

95 2653 208 2687 eaque
236 2642 280 2675 de
306 2653 409 2676 causa
434 2656 470 2676 se
507 2645 551 2677 ad
586 2646 744 2690 inopiam
781 2644 960 2676 detrusam
998 2655 1075 2676 esse
1100 2643 1248 2681 diceret,
1277 2642 1381 2675 iussit
1405 2647 1549 2686 praetor

94 2699 171 2733 eam
199 2689 305 2724 abire·
326 2702 404 2724 cum
432 2691 546 2737 ipsius
574 2692 693 2737 sigillo
719 2698 756 2726 et
782 2691 902 2725 dicere
938 2691 1122 2737 magistro,
1150 2696 1189 2724 ut
1211 2688 1256 2722 ad
1282 2700 1320 2722 se
1344 2689 1483 2722 veniret
1511 2690 1549 2721 in
