1838 3132
609 136 1099 186 CHRONOGRAPHIA.
1476 131 1570 176 221

122 246 284 304 uhtiug)
327 243 467 297 κοιιῶν
506 244 579 284 και
616 241 795 294 δυνάμει
832 238 923 282 τότε
962 237 1034 281 διὰ
1072 238 1150 280 τοῦ
1196 235 1440 291 ἄμερουμνῆ
1473 236 1634 276 ἐκεῖ-29

121 317 197 354 θεν
230 307 488 366 παραλαβων
529 307 723 365 ἐπανῄει,
756 308 806 364 τῇ
832 307 922 364 νίκῃ
955 303 1028 348 καί
1048 310 1135 354 τοῖς
1163 300 1369 359 λαφυροις
1392 313 1579 361 γαυρου-

123 393 257 433 μενος.
315 393 384 418 και
412 373 549 418 ἐλθών
588 378 714 428 μέχρι
741 373 815 414 τοῦ
841 369 968 425 Βρύα
1009 371 1261 427 προσέταξεν
1295 367 1576 420 οικοᾷομηθῆ-

127 462 196 486 ναι
223 444 438 496 παλάτιον,
467 440 751 494 παραδείσους
778 440 987 493 φυτεῦσαι
1031 452 1099 478 και
1126 432 1259 478 ν’δατα
1290 436 1488 492 α’γαχηῦῥ·
1546 449 1572 472 α

91 511 197 552 fixae
223 511 399 563 γέγονεν.
458 508 617 548 ἐκεῖθεν
647 506 693 546 δὲ
723 504 979 558 ἀφικόμενος
997 503 1057 551 εις
1084 500 1161 556 τὴν
1189 500 1308 542 πόλιν
1335 498 1385 542 tbi
1404 509 1443 540 a.
1446 501 1612 554 ,φυραΒ

125 573 433 629 ἐθριάμβευσεν
465 569 630 613 ἱππικὸν
660 569 866 623 ποιήσας,
893 567 966 610 καί
994 567 1040 610 τὸ
1070 568 1233 643 πρῶτον
1261 566 1383 619 βαΐον
1410 566 1575 618 παίξας,

124 639 280 696 ἅρματι
304 641 382 693 μὲν
412 633 488 679 ουν
519 638 650 694 λευκῶ
669 635 998 690 ἑποχησάμενος,
1030 629 1226 688 χρώματι
1255 634 1302 674 δὲ
1327 633 1381 689 τῶ
1409 633 1576 690 Βενέτῳ

123 703 442 763 ἀμφιασάμενος
471 719 540 744 και
570 700 742 756 νικήσας
771 699 1059 777 ἐστεφανώθη,
1086 701 1170 741 τῶν
1199 695 1344 753 δήμων
1374 696 1577 752 ἐπιβοών-

122 789 202 816 των
229 772 392 818 ’(καλῶς
419 765 560 824 ἦλθες,
593 765 813 822 α’συγκριτε
844 765 1123 824 φακτονάρη.”

69 846 112 881 10
235 838 323 881 Τοῦ
353 838 399 878 δὲ
429 834 693 890 πατριάρχου
719 834 944 876 Ἀντωνίου
973 829 1296 885 τελευτήσαντος
1326 824 1413 871 ἀντ’
1440 826 1577 870 αὐτοῦ

121 908 426 959 χειροτονεῖται
461 902 649 955 Ἰωάννης
695 899 717 941 ὅ
765 898 998 954 σύγκελλος,
1029 900 1081 940 ἵν’
1121 895 1224 939 εἴπω
1253 892 1274 937 ὅ
1304 897 1393 943 νέος
1421 894 1575 947 Ἰαννῆς

120 971 193 1013 καὶ
218 970 428 1023 ’[αμαρῆς,
455 968 704 1022 βεβοημένος
739 967 814 1008 ἐπί
837 980 879 1006 τε
907 966 1124 1017 μαντείαις
1157 964 1230 1004 καί
1256 961 1576 1013 λεκανομαντεί-

121 1053 189 1085 αις
218 1051 288 1078 και
315 1032 425 1091 πάσῃ
454 1034 648 1090 ἀσεβεία·
721 1030 767 1081 ὃς
816 1045 989 1085 οργανον
1028 1026 1260 1083 ἐπιτήδειον
1287 1024 1477 1082 εὑρεθεὶς
1501 1026 1577 1079 τῆς

120 1102 193 1144 τοῦ
222 1102 428 1154 βασιλέως
470 1101 664 1151 α’σεβειάς
688 1114 732 1141 τε
768 1097 841 1139 καί
878 1096 1009 1152 ῥοπῆς
1052 1095 1164 1152 αυτῷ
1198 1093 1332 1135 πάντα
1377 1090 1430 1134 τὰ
1469 1089 1614 1145 πρὸςρ

69 1166 332 1210 walamnum
358 1181 675 1221 συνειργασατο,
703 1165 774 1205 καί
801 1160 848 1206 ὃν
878 1158 1002 1204 ὤδινε
1030 1164 1107 1214 μὲν
1139 1166 1304 1214 κατεῖχε
1334 1161 1379 1201 δὲ
1407 1157 1574 1213 βασιλί-

119 1249 218 1276 σκον
244 1235 318 1287 τῆς
346 1233 539 1286 ἀσεβείας
580 1230 600 1272 ὅ
643 1228 863 1284 βασιλεύς,
909 1231 1124 1284 ἐξέρρηξεν
1161 1228 1234 1268 καί
1259 1223 1466 1280 ἀπέτεκεν,
1495 1223 1629 1274 τὰς3ο

121 1300 242 1354 ἁγίας
271 1299 433 1347 εἰκόνας
463 1298 742 1351 αναχριέσθαι
781 1292 1015 1349 προστάξας
1054 1290 1082 1347 ἢ
1115 1293 1443 1347 α’παὶείφεσθαι.
1497 1285 1570 1331 ου-

120 1381 190 1415 τος
217 1366 239 1407 ὄ
267 1365 458 1420 Ἰωάννης
501 1362 582 1416 πρὸ
629 1365 704 1404 τοῦ
742 1357 898 1409 ἄστεως
941 1359 1093 1415 οἴκημα
1127 1360 1172 1400 ἐκ
1201 1361 1332 1399 λίθων
1362 1358 1572 1407 λαξευτιόν

123 1430 453 1484 κατασκευάσας,
484 1426 506 1469 ὃ
528 1431 735 1484 Τροῦλλος
764 1430 893 1482 μέχρι
917 1428 994 1467 τοῦ
1017 1427 1092 1467 νῦν
1121 1425 1381 1478 ὀνομάζεται,
1411 1423 1484 1464 διά
1505 1439 1570 1464 τι-

69 1507 204 1542 2ονων
231 1499 393 1540 θυσιῶν
421 1495 569 1547 αἳμίλει
595 1499 681 1543 τοῖς
710 1495 881 1546 δαίμοσι
908 1493 981 1535 καί
1009 1492 1067 1547 τῷ
1093 1494 1265 1545 βασιλεῖ’
1287 1489 1340 1532 τά
1366 1491 1570 1542 μέλλοντα

122 1562 390 1617 διεσήμαινε·
445 1558 471 1601 ὃ
495 1561 568 1602 καί
594 1560 784 1615 αόίκητον
811 1557 954 1612 ἔμενεν
980 1556 1051 1599 διὰ
1083 1556 1159 1605 τάς
1183 1558 1228 1599 ἐν
1256 1555 1372 1614 αὔτιζὶ
1396 1555 1570 1610 γενομέ-

122 1645 195 1682 νας
224 1628 314 1671 τότε
345 1628 424 1669 τῶν
454 1625 666 1680 δαιμόνων
693 1622 994 1682 ἐπιφοιτήσεις.

219 1757 274 1790 12.
302 1759 493 1803 μαντείοις
517 1756 583 1789 Par

128 1870 185 1898 ms
210 1864 378 1905 victoria,
406 1864 603 1910 spoliisque
642 1863 817 1906 inclytus,
853 1873 1028 1906 regressus
1065 1866 1130 1895 est
1192 1873 1297 1907 porro
1341 1873 1498 1896 reversus
1523 1862 1570 1896 ad

128 1913 191 1954 ΒΓ)
197 1923 237 1944 ae
265 1911 382 1944 locum
406 1913 578 1956 palatium
601 1911 784 1949 exstruxit,
813 1909 988 1954 plantavit
1013 1909 1148 1949 hortos,
1172 1920 1280 1955 aquas
1297 1908 1423 1943 deduci
1440 1910 1568 1952 iussit3

129 1958 226 2004 quod
253 1963 289 1991 et
314 1958 445 1991 factum
471 1965 534 1991 est.
563 1957 646 1990 inde
673 1958 709 1989 in
735 1956 859 1990 urbem
885 1968 1055 1996 reversus,
1084 1962 1231 1989 onustus
1257 1957 1395 2001 spoliis,
1423 1957 1569 1990 Circen-

129 2005 225 2038 sibus
252 2005 345 2038 ludis
370 2005 540 2038 exhibitis
568 2004 788 2049 triumphum
815 2004 899 2047 egit,
938 2009 974 2036 et
997 2015 1100 2036 curru
1125 2003 1276 2037 candido
1307 2009 1427 2037 vectus
1447 2004 1569 2038 Vene-

127 2058 237 2098 toque
276 2053 395 2086 colore
434 2052 583 2096 insignis
620 2053 733 2097 primo
758 2062 903 2084 munere
930 2050 1035 2091 lusit,
1066 2051 1253 2097 victorque
1291 2057 1480 2085 coronatus
1504 2056 1570 2093 est,

128 2099 340 2132 fictionibus
379 2099 657 2133 acclamantibus
691 2098 871 2132 “feliciter
903 2097 1111 2138 adveneris,
1147 2110 1167 2131 o
1204 2098 1482 2143 incomparande
1516 2099 1570 2132 fa-

128 2147 332 2180 ctionariess'

222 2193 385 2231 Ceterum
421 2191 622 2239 patriarcha
660 2192 816 2225 Antonio
842 2192 914 2225 vita
939 2191 1075 2230 functo,
1114 2192 1151 2225 in
1181 2192 1255 2225 eius
1281 2192 1399 2224 locum
1426 2190 1570 2225 ordina-

128 2245 183 2272 tus
210 2245 263 2273 est
286 2241 435 2273 loannes
460 2240 648 2283 syncellus,
673 2251 755 2273 vere
781 2239 896 2271 dicam
919 2250 1031 2272 novus
1060 2241 1185 2272 Iannes
1213 2245 1247 2272 et
1275 2241 1437 2279 Iamares,
1463 2251 1568 2284 prae-

128 2286 238 2330 stigiis
265 2293 300 2319 et
323 2298 386 2332 per
408 2288 530 2333 pelves
557 2286 839 2320 divinationibus
866 2286 1035 2341 omnique
1058 2287 1243 2332 impietate
1256 2287 1567 2320 nominatissimus.

127 2333 185 2365 hic
212 2334 312 2366 velut
336 2334 607 2367 instrumentum
634 2334 854 2389 aptissimum
880 2333 1102 2378 imperatoris
1127 2334 1320 2378 impietatis
1346 2339 1381 2367 et
1408 2344 1568 2378 propen-

128 2380 237 2412 sionis
267 2386 450 2434 repeitus,
478 2382 544 2428 ipsi
569 2392 633 2426 per
669 2382 786 2414 omnia
812 2381 849 2412 in
872 2380 1065 2426 perniciem
1091 2380 1375 2425 cooperabatur3
1401 2386 1437 2412 et
1461 2391 1567 2425 quem

127 2432 339 2471 conceperat
361 2428 498 2468 animo,
525 2428 726 2461 occultabat
765 2438 849 2460 vero
887 2432 1100 2474 venenatum
1139 2428 1330 2473 impietatis
1364 2426 1566 2460 basiliscum

126 2476 332 2519 imperator,
371 2474 488 2507 emisit
523 2480 559 2508 et
582 2475 742 2520 peperit,
765 2485 845 2507 cum
879 2485 991 2506 sacras
1019 2475 1186 2518 imagines
1215 2486 1286 2508 uno
1312 2474 1431 2506 colore
1456 2474 1566 2515 infici,

126 2522 243 2553 virius
269 2519 382 2552 dicam
407 2520 519 2554 deleri
544 2522 737 2566 praecepit
798 2522 949 2554 Ioannes
975 2522 1050 2566 ipse
1082 2522 1207 2567 politis
1234 2527 1270 2555 et
1295 2521 1443 2565 sculptis
1470 2521 1565 2566 lapi-

127 2567 231 2599 dibus
257 2572 339 2599 ante
364 2567 486 2600 urbem
512 2573 670 2601 extructa
693 2568 798 2601 domo
824 2568 984 2613 (Trullus
1012 2579 1107 2601 nunc
1134 2580 1245 2614 usque
1269 2567 1485 2612 appellatur)
1510 2580 1566 2601 sa-

127 2614 267 2647 crificiis
303 2613 513 2659 quibusdam
542 2615 730 2647 familiares
757 2614 950 2648 asciscebat
981 2615 1183 2654 daemones,
1209 2621 1245 2647 et
1270 2615 1387 2647 futura
1414 2615 1566 2660 impera—

127 2662 197 2693 tori
223 2661 461 2693 renuntiabat.
511 2661 634 2694 domus
661 2669 777 2694 autem
812 2667 957 2707 propter
978 2661 1189 2695 daemonum
1218 2661 1260 2694 ad
1290 2671 1366 2699 eam
1395 2661 1564 2707 frequen-

128 2708 213 2741 tiam
238 2707 316 2740 sine
345 2707 546 2741 habitatore
571 2709 721 2753 mansit„
