1838 3132
259 148 351 193 130
641 129 868 202 [monis
913 122 1298 196 GRAnmA'riei]

376 257 458 304 Ἦν
487 261 533 302 δέ
551 274 613 309 τις
643 255 826 313 χαλκεὺς
861 255 1056 309 Ἀνδρέας
1085 248 1282 305 τοῦνομα,
1311 250 1420 306 ἔχων
1444 253 1546 305 μεθ’
1572 245 1706 291 mito&

255 329 359 370 κύνα
390 325 543 378 ’ξανθὸν
571 324 642 366 καί
670 322 843 378 τυφλόν,
873 320 918 370 ὃς
946 320 1077 362 ἐποίει
1104 321 1276 368 τέρατα·
1333 317 1598 367 παρεστῶτος
1622 314 1704 369 γάρ

257 394 370 451 αὐτῷ’
399 389 548 446 ὄχλου,
595 388 734 441 λάθρα
775 389 851 428 τοῦ
888 384 1011 434 κυνὸς
1041 386 1253 437 ἐκομίζετο
1285 380 1336 424 τά
1362 385 1442 424 τῶν
1472 381 1706 424 ἐνεστώτων

256 459 501 502 δακτυλίδια
542 456 683 510 χρυσᾶ
717 469 759 495 τε
785 453 858 494 καί
897 453 1062 506 α’ργυρᾶ
1089 452 1161 492 καί
1188 449 1356 504 σιδηρᾶ,
1386 450 1459 490 καί
1486 447 1618 490 ἐτίθει
1646 447 1706 495 εἷς

256 523 300 568 τὸ
331 523 488 579 ἔδαφος
528 522 787 575 περισκέπων
828 519 938 560 αιῗτὰ
982 519 1160 571 χώματι,
1192 517 1264 557 καί
1289 517 1486 567 ἐπέτρεπε
1515 515 1571 570 τῷ
1599 513 1740 566 κυνί,5

257 591 328 632 καί
358 589 564 640 ἐλάμβανε
606 585 679 627 καί
714 586 856 627 ἐδίδου
890 581 1046 639 ἑκάστῳ
1078 582 1124 623 τὸ
1153 581 1270 624 ἴδιον.
1330 578 1482 634 ὁμοίως
1511 577 1583 620 καί
1610 579 1706 620 δια.-

259 656 404 711 φόρων
433 654 639 706 βασιλέων
668 650 903 704 νομίσματα
943 648 1177 702 μιγνύμενα
1206 644 1406 688 ἀπεδίδου
1439 647 1524 688 κατ’
1556 639 1706 697 ὄνομα.

259 719 364 762 ἆλλά
399 720 470 760 καί
517 719 599 760 τῶν
642 715 921 771 παρεστώτων
948 717 1114 769 α’νδρῶν
1141 730 1185 756 τε
1215 715 1286 756 καί
1310 715 1518 767 γυναικῶν
1546 710 1707 754 ἐπεδεί-

258 802 354 827 κνυε
396 783 472 833 τοὶς
510 787 554 827 ἐν
594 785 744 838 γαστρὶ
781 781 961 836 ἐχούσας
998 779 1071 822 καί
1107 779 1282 833 πόρνους
1322 780 1392 821 καὶ
1427 777 1607 832 μοιχοὺς
1637 776 1711 819 καί

259 849 541 906 ἀνελεήμονας
580 849 652 891 καί
688 847 858 897 κνιπούς
887 847 1084 894 ἀπλανῶς
1118 847 1191 888 καί
1231 844 1337 900 μετᾶ
1371 847 1572 900 α’ληθείας
1599 845 1708 886 ἐδεί-
1723 853 1766 888 10

258 933 382 959 κνυε·
441 913 540 958 ὅθεν
570 915 707 969 ἔλεγον
739 915 812 957 τὸν
838 913 942 956 κύνα
970 914 1135 966 πνεῦμα
1163 912 1376 961 Πύθωνος
1405 910 1530 966 ἔχειν.

365 983 414 1024 Ὁ
459 984 506 1024 δὲ
542 981 669 1031 αὐτὸς
707 978 906 1035 βασιλεύς
948 981 1075 1030 κτίζει
1115 978 1186 1020 καί
1223 977 1296 1020 τόν
1323 979 1367 1020 ἐν
1393 979 1446 1035 τῇ
1475 979 1586 1034 πηγῇ
1611 975 1719 1032 ναόνῤ

259 1050 334 1103 τῆς
378 1048 609 1103 ὑπεραγιάς
645 1045 865 1098 θεοτόκου,
911 1047 982 1087 καί
1024 1043 1250 1098 πάμπολλα
1287 1045 1491 1098 κτίσμα-τα
1521 1043 1714 1097 ἐποίησεν

261 1116 488 1169 ἐκκλησιῶν
517 1129 561 1155 τε
589 1114 661 1155 καί
687 1112 858 1166 πόλεως,
899 1111 972 1153 καί
1000 1110 1075 1166 τὴν
1102 1113 1419 1166 πενταγέφυραν
1447 1110 1523 1151 τοῦΙ
1548 1111 1714 1163 Σαγγα-

262 1183 356 1235 ριόυ
387 1178 493 1234 ἅπερ
527 1176 765 1233 Προκὸπιος
799 1178 819 1219 ὃ
849 1176 1059 1232 ἱστορικὸς
1098 1179 1141 1219 έν
1173 1175 1276 1218 ὀκτώ
1309 1176 1445 1230 λόγοις
1474 1173 1713 1229 α’νεγράψα-
1730 1190 1772 1224 15

263 1262 327 1288 το.
397 1246 456 1294 εἷς
487 1246 532 1286 δὲ
576 1244 623 1286 τοὶ
656 1246 750 1298 τέλη
792 1239 921 1285 αὐτοῦ
945 1242 989 1286 τὸ
1039 1242 1135 1296 περὶ
1166 1243 1363 1298 φθαρτοῦ
1391 1242 1464 1283 καί
1489 1241 1715 1298 ἀφθάρτου

263 1309 436 1364 κινήσας
466 1310 600 1363 δόγμα
628 1309 845 1363 α’λλότριος
873 1311 945 1363 τῆς
966 1309 1181 1362 εὐσεβείας
1205 1309 1309 1350 θεοῦ
1328 1304 1583 1364 ἐτελεύτησε,
1611 1323 1718 1362 προ-

263 1375 493 1430 βαλόμενος
519 1376 738 1417 Ἰουστῐνον
767 1374 943 1426 ἀνεψιὸν
974 1374 1108 1415 αὕτοῦ
1151 1376 1210 1422 εἷς
1236 1375 1426 1428 βασιλέα,
1453 1372 1720 1428 κουροπαλοὶ-

265 1458 340 1496 την
367 1440 462 1482 τότε
493 1436 610 1482 ὅντα.
668 1442 873 1494 κατετέθη
901 1442 946 1482 δὲ
975 1439 1018 1481 τὸ
1048 1441 1170 1492 σῶμα
1211 1440 1342 1482 αὐτοῦ
1371 1441 1415 1481 ἐν
1441 1442 1499 1497 τῷ
1525 1441 1611 1496 ναῷ
1638 1441 1721 1481 ταῖν

267 1503 397 1560 ἁγίων
443 1503 679 1547 α’ποστόλων
729 1503 834 1558 πρὸς
875 1503 1037 1559 βορρᾶν
1078 1508 1123 1547 ἑν
1164 1505 1337 1559 λάρνακι
1367 1508 1557 1564 βοθυνῇ·
1614 1505 1641 1560 ἦ
1670 1506 1776 1554 δὲ2ο

265 1571 367 1627 γυνη
401 1573 535 1613 αὐτοῦ
569 1570 770 1626 Θεοδώρα
816 1568 1174 1626 προετελεύτησεν.
1231 1571 1309 1625 τὴν
1340 1573 1386 1614 δὲ
1412 1574 1482 1626 τῆς
1508 1572 1719 1626 ἀρχιερω-

267 1637 393 1692 σύνης
429 1635 552 1692 τιμήν
598 1636 670 1679 ἐπὶ
708 1637 840 1678 αὐτοῦ
869 1634 1014 1692 εἴληφε
1054 1639 1220 1693 πρῶτον
1246 1640 1324 1691 μὲν
1351 1636 1546 1694 Ἰωάννης,
1575 1634 1721 1680 ἔπειτα

369 1772 424 1806 14.
455 1773 626 1820 σαγιέρου
650 1774 728 1808 cod.
819 1775 874 1808 15.
904 1773 923 1809 ὅ
950 1785 1005 1808 om
1032 1775 1059 1809 C

367 1893 452 1926 Erat
476 1891 577 1925 saber
606 1891 761 1938 quidam,
793 1893 849 1925 cui
874 1904 1005 1926 nomen
1032 1893 1204 1936 Andreae,
1243 1895 1303 1940 qui
1332 1906 1452 1928 secum
1475 1894 1634 1929 habebat
1660 1906 1720 1929 ca-

275 1950 355 1972 nem
382 1939 509 1972 flavum
534 1945 570 1971 et
594 1950 733 1972 caecum
761 1940 929 1973 miracula
957 1939 1134 1974 edentem.
1184 1940 1347 1975 adstante
1372 1943 1464 1975 enim
1488 1942 1720 1976 multitudine

275 1986 476 2027 hominum,
501 1985 716 2019 adstantium
740 1985 922 2019 hominum
949 1987 1100 2020 annulos
1117 1999 1254 2028 aureos,
1281 1995 1479 2032 argenteos,
1508 1990 1641 2023 ferreos
1665 1990 1723 2023 in-

276 2034 348 2066 scio
378 2044 463 2066 cane
489 2033 526 2065 in
554 2034 630 2066 solo
655 2033 833 2077 ponebat,
859 2040 894 2067 et
919 2040 1012 2067 terra
1038 2035 1198 2079 tegebat3
1228 2041 1302 2068 tum
1328 2036 1425 2069 canis
1449 2037 1565 2069 iussus
1602 2047 1722 2069 sume-

277 2081 341 2113 bat
368 2085 405 2113 et
431 2091 532 2112 suum
559 2080 688 2124 cuique
720 2081 891 2113 annulum
912 2081 1093 2114 reddebat.
1141 2081 1263 2114 eadem
1290 2084 1430 2115 ratione
1462 2083 1638 2119 variorum
1665 2094 1722 2116 re-

256 2138 360 2171 -gum
386 2137 571 2166 nummos,
598 2127 815 2171 permixtos,
842 2133 949 2172 prout
985 2140 1115 2161 nomen
1141 2134 1236 2169 erat,
1263 2128 1446 2162 reddebat.
1495 2131 1586 2175 quin
1615 2131 1723 2164 etiam

278 2185 322 2206 ex
337 2172 560 2206 adstantibus
580 2173 720 2206 feminis
747 2179 784 2206 et
807 2174 890 2207 viris
911 2174 1134 2215 ostendebat,
1160 2186 1252 2220 quae
1278 2175 1444 2218 gravidae
1471 2183 1603 2217 essent,
1630 2188 1723 2223 quae

278 2221 501 2260 meretrices,
543 2220 606 2264 qui
637 2220 788 2260 moechi,
823 2221 884 2265 qui
914 2221 1219 2262 immisericordes,
1243 2223 1306 2267 qui
1331 2223 1437 2262 avari,
1464 2230 1577 2269 eaque
1604 2224 1724 2257 omnia

278 2268 356 2300 sine
385 2277 503 2299 errore
527 2271 563 2298 et
585 2277 668 2300 vere
686 2267 915 2304 ostendebat.
954 2268 1048 2301 unde
1074 2267 1258 2310 dicebant,
1283 2280 1406 2302 canem
1430 2268 1563 2304 habere
1588 2269 1725 2316 Pytho-

277 2314 334 2347 nis
361 2314 536 2358 spiritum.
1580 2316 1583 2320 ”

370 2359 468 2393 Idem
494 2369 554 2392 rex
579 2358 750 2404 templum
777 2360 1019 2393 sanctissimae
1058 2361 1178 2394 matris
1205 2359 1264 2394 dei
1297 2372 1410 2406 prope
1436 2362 1573 2397 fontem
1598 2362 1724 2398 aedifi-

279 2412 336 2439 cat
361 2413 398 2440 et
419 2406 614 2452 permultas
630 2407 802 2439 ecclesias
820 2412 856 2440 et
880 2408 917 2439 in
933 2407 1021 2439 urbe
1048 2406 1210 2440 aedificia
1238 2407 1400 2442 condidit
1427 2415 1463 2442 et
1475 2417 1623 2455 pontem
1636 2411 1727 2444 san·

280 2453 369 2497 gai-ii
397 2453 418 2486 5
446 2452 596 2486 arcubus
619 2452 830 2493 aedificavit,
856 2465 960 2498 quern
987 2457 1068 2487 octo
1088 2454 1306 2487 sermonibus
1331 2455 1518 2502 descripsit
1535 2458 1726 2504 Procopius

280 2500 481 2534 historicus.
537 2500 602 2532 sub
628 2499 734 2532 finem
761 2506 879 2532 antem
905 2501 1016 2545 ipsius
1048 2511 1191 2533 movens
1217 2500 1342 2545 dogma
1377 2502 1421 2535 de
1446 2505 1664 2538 mortalitate
1689 2509 1728 2538 et

282 2547 553 2580 immortalitate
578 2546 714 2579 alienus
739 2557 758 2578 a
786 2547 919 2590 pietate
944 2557 1022 2590 erga
1061 2546 1165 2579 deum
1198 2547 1301 2589 obiit,
1330 2554 1516 2596 postquam
1551 2551 1726 2584 Iustinum

283 2594 482 2637 patruelem
509 2593 737 2638 curopalatae
763 2604 909 2626 munere
937 2598 1021 2625 tunc
1047 2593 1254 2637 fungentem
1281 2606 1395 2638 regem
1421 2598 1619 2643 proposuit.
1644 2596 1646 2599 ’
1667 2609 1725 2630 se-

282 2640 422 2683 pultum
453 2646 507 2674 est
530 2651 659 2686 corpus
682 2640 759 2673 eius
786 2641 824 2672 in
849 2640 997 2672 ecclesia
1014 2646 1216 2673 sanctorum
1234 2643 1488 2686 apostolorum.
1537 2655 1626 2677 uxor
1650 2645 1726 2677 eius

283 2685 471 2719 Theodora
496 2693 601 2720 autea
634 2692 771 2720 mortua
796 2691 883 2720 erat.
933 2687 1057 2719 summi
1093 2687 1282 2721 sacerdotii
1316 2689 1489 2724 honorem
1516 2691 1634 2724 autem
1660 2690 1727 2725 sub
