1838 3132
624 94 1114 139 CHRONOGRAPHIA.
1482 92 1512 137 2
1520 90 1582 137 69

147 194 224 236 “ου’
253 193 359 235 ποιῶ
385 193 574 250 εἴρήνην,
613 195 685 236 ἐὰν
719 194 778 249 μή
819 195 957 236 πᾶσαν
994 194 1070 250 τῆν
1108 194 1400 249 αἰχμαλωσίαν
1430 191 1582 247 λάβεσθ’

145 263 370 315 διωρίσατο
399 255 472 302 οὖν
501 260 522 302 ὁ
551 261 751 315 βασιλεὺς
766 260 920 314 ταύτην
949 261 1197 313 ἀποδοῦναι,
1222 261 1296 301 καί
1321 253 1448 313 ἦλθεν
1474 261 1582 311 μετὰ

145 330 327 376 Λέοντος
360 325 577 382 Θεόδωρος
609 324 850 379 Βούλγαρος
897 326 1044 374 οἰκεῖος
1084 327 1159 367 τοῦ
1188 323 1376 378 Συμεών,
1404 322 1478 365 καί
1502 341 1581 365 πα-

146 395 319 446 ρέλαβεν
355 393 523 442 αὐτούς.
592 391 840 447 Νικηφόρον
888 392 934 432 δὲ
976 393 1050 433 τοῦ
1094 392 1224 434 Φωκᾶ
1265 388 1579 444 τελευτήσαντος

111 457 343 514 5ᾰφορμοὶς
377 456 511 513 ἐζήτει
549 456 724 509 Συμεών
763 457 839 497 τοῦ
872 454 1038 510 εἰρήνην
1079 458 1305 498 διαλῦσαι·
1376 456 1616 511 ἐπιζητῶνζζ

141 523 222 579 γὰρ
251 526 323 566 καί
347 518 498 573 ἄλλους
523 521 816 576 αἰχμαλώτους
848 519 1018 578 ἔρχεται
1037 521 1139 563 κατὰ
1161 523 1396 575 Ῥωμαίων.
1453 527 1579 565 Λέων

142 592 190 632 δὲ
218 589 238 632 ὁ
265 589 464 643 βασιλεύς
498 590 736 641 δομέστικον
773 588 855 629 τῶν
900 590 1064 641 σχολῶν
1105 586 1382 642 προβάλλεται
1411 592 1579 631 Λέοντα

140 656 211 698 τὸν
240 654 520 708 Κατακαλιόν,
559 659 603 696 ἐν
640 656 692 710 τῇ
713 651 880 711 ξΡσέβδῳ
906 654 979 708 τὴν
1021 652 1176 708 οἴκησιν
1204 652 1365 709 ἔχοντα,
1393 656 1465 696 καί
1490 656 1578 708 μετ’

141 723 272 763 αὐτοῦ
298 719 541 762 ἀποστέλλει
574 718 799 762 Θεοδόσιον
843 718 1058 772 πατρίκιον
1083 719 1154 760 καὶ
1181 722 1574 775 πρωτοβεστιάριον.

86 793 129 828 10
141 786 213 829 καί
236 788 416 840 περῶσιν
443 783 517 827 ὅλα
548 784 598 828 τά
626 787 791 838 θέματα
826 784 899 826 καί
923 783 975 826 τὰ
1001 783 1207 838 τάγματα.
1263 785 1336 827 καί
1360 789 1579 841 γενομένης

137 854 350 906 συμβολῆς
375 851 480 905 μετὰ
511 853 685 905 Συμεών
712 851 771 900 εἷς
796 850 841 893 τὸ
870 850 1227 906 Βουλγαρόφυγον
1255 852 1410 905 ἐγένετο
1445 852 1576 906 τροπή

137 921 343 973 δημοσία,
376 919 448 960 καί
473 915 621 966 πάντες
650 917 877 972 ἀπώλοντο,
909 919 983 958 καί
1008 916 1029 957 ὃ
1058 915 1437 971 πρωτοβεστιάριος
1473 919 1577 960 Θεο-

137 982 290 1035 δόσιος,
319 985 373 1026 δι’
399 981 447 1025 ὃν
475 982 496 1024 ὅ
527 983 728 1037 βασιλευς
768 983 822 1023 ου’
845 984 1026 1037 μετρίως
1055 983 1222 1038 ἠνιάθη.

237 1047 330 1092 Ἐπὶ
351 1048 502 1092 τούτου
529 1048 716 1104 ἔσφαξαν
738 1048 811 1091 καὶ
838 1050 883 1091 ἐν
912 1051 1104 1104 Χερσαῖνι
1138 1047 1175 1090 οἱ
1202 1051 1273 1091 τοῦ
1301 1049 1479 1105 κὰστρου
1506 1050 1578 1092 τὸν

83 1129 125 1163 15
137 1115 369 1172 στρατηγὸν
410 1117 548 1158 αὐτῶν
574 1117 780 1168 Συμεῶνα
807 1113 881 1158 τόν
915 1113 1010 1156 υἱόν
1032 1112 1167 1157 Ἰωνᾶ.
1225 1115 1478 1171 παρελήφθη
1505 1119 1577 1158 καί

134 1181 183 1225 ‘td
214 1180 391 1236 κάστρον
418 1180 462 1225 τό
496 1182 635 1236 Κόρον
663 1184 709 1223 ἐν
736 1181 1018 1238 Καππαδοκιᾲ
1044 1181 1125 1223 ὑπὸ
1153 1184 1234 1224 τῶν
1260 1184 1504 1238 Ἀγαρηνῶν.

237 1248 283 1291 Ὁ
310 1248 355 1290 δὲ
380 1247 605 1303 πρόκενσον
633 1247 823 1302 ἐποίησεν
849 1249 910 1296 εἰς
937 1246 990 1289 τοὶ
1018 1250 1257 1304 Δαμιανοῦ,
1280 1249 1477 1298 συνόντος
1504 1251 1618 1293 nain

135 1313 331 1365 Ζαούτζα
370 1315 444 1356 τοῦ
489 1313 926 1368 παραδυναστεύοντος
971 1316 1044 1355 καί
1075 1316 1148 1368 τῆς
1187 1315 1398 1368 θυγατρὸς
1442 1312 1576 1356 αὐτοῦ’

136 1381 260 1435 Ζωῆς
287 1376 377 1433 ἅμα
404 1380 460 1437 τῷ
480 1382 657 1433 βασιλεῖ.
715 1379 918 1435 Θεοφανώ
941 1381 987 1422 δὲ
1017 1380 1041 1434 ἢ
1065 1378 1219 1434 γαμετὴ
1251 1380 1382 1422 αὐτοῦ
1411 1382 1462 1421 ου’
1491 1397 1575 1423 πα·-

79 1458 125 1494 20
139 1447 215 1501 ρῆν
240 1446 385 1498 ἐκεῖσε,
414 1445 502 1487 ἀλλ’
533 1447 577 1487 ἑν
592 1448 856 1499 Βλαχὲρναις
884 1447 928 1488 ὲν
953 1446 1002 1502 τῇ
1033 1445 1130 1503 ἁγίᾳ
1156 1447 1266 1502 σορῷ
1295 1448 1574 1501 προσεκαρτέ-

136 1527 200 1565 ρει
222 1512 439 1566 εὐχομένη.
496 1510 688 1560 δόξαντος
714 1506 789 1553 οὖν
819 1512 892 1553 τοῦ
911 1513 1117 1565 βασιλέως
1141 1519 1282 1564 μεῖναι
1309 1515 1438 1555 ἐκεῖσε
1466 1530 1574 1565 συμ-

134 1575 303 1631 βούλιον
328 1574 569 1632 ποιήσαντες
599 1575 638 1619 οἱ
666 1578 740 1619 τοῦ
773 1576 973 1629 Ζαούτζα
1001 1583 1221 1634 συγγενεῖς,
1252 1575 1277 1619 ὅ
1302 1594 1345 1621 τε
1376 1578 1468 1628 υἱὸς
1495 1580 1574 1622 αὖ.

138 1778 261 1813 pacem
285 1777 521 1812 componam,
552 1768 623 1801 nisi
659 1768 817 1814 captivos
847 1779 966 1802 omnes
1005 1773 1203 1815 recepero.'¹
1250 1770 1443 1815 imperator
1470 1772 1573 1804 resti-

138 1820 237 1848 tuere
260 1815 468 1859 proposuit;
503 1815 674 1860 venitque
702 1827 779 1848 cum
804 1816 923 1849 Leone
955 1815 1165 1850 Theodorus
1188 1816 1371 1862 Bulgarus‚
1399 1817 1572 1852 Simeonis

140 1861 364 1902 domesticus,
389 1862 452 1907 qni
480 1872 540 1894 eos
566 1863 712 1906 recepit.
760 1862 888 1895 exinde
914 1863 1117 1908 Nicephoro
1138 1864 1249 1897 Phoca
1278 1870 1390 1898 morte
1418 1865 1572 1906 sublato,

139 1909 283 1942 Simeon
307 1908 571 1954 abrumpendae
597 1910 695 1954 pacis
714 1910 910 1954 quaerebat
933 1912 1149 1952 occasiones,
1170 1918 1205 1944 et
1234 1912 1314 1944 aliis
1340 1912 1487 1957 captivis
1511 1924 1574 1945 ex·

138 1956 263 2000 petitis
290 1955 454 1988 adversus
472 1957 643 1989 Romanos
662 1958 783 1989 movit.
834 1958 906 1990 Leo
930 1968 1013 1990 vero
1039 1959 1233 2003 imperator
1253 1959 1406 1992 Leonem
1425 1959 1574 1992 cataca-

139 2003 224 2042 lum,
251 2001 295 2035 ad
321 2002 478 2035 Rabdum
512 2003 618 2035 aedes
644 2014 721 2036 suas
744 2003 955 2046 habentem,
981 2004 1177 2038 scholarum
1203 2006 1435 2039 domesticum
1462 2012 1572 2043 creat,

139 2054 175 2082 et
200 2061 269 2082 una
293 2060 372 2082 cum
401 2061 443 2083 eo
469 2049 712 2083 Theodosium
739 2052 925 2096 patricium
957 2058 994 2086 et
1025 2053 1334 2096 protovestiarium
1363 2053 1485 2094 mittit,
1508 2054 1571 2098 qui

138 2097 244 2129 simul
273 2097 389 2129 cuncti
427 2108 550 2130 omnes
586 2098 744 2140 legiones
781 2104 816 2132 et
842 2099 962 2143 copias
996 2100 1124 2133 iubent
1158 2101 1338 2143 traiicere'3
1381 2112 1571 2146 pugnaque

138 2153 218 2175 cum
244 2143 410 2176 Simeone
449 2143 493 2177 ad
517 2143 824 2190 Bulgarophygum
861 2146 968 2184 inita,
994 2147 1076 2191 suga
1110 2148 1267 2180 omnium
1290 2148 1383 2180 facta
1410 2154 1462 2181 est
1487 2147 1572 2180 hor-

139 2189 258 2230 renda,
282 2201 474 2236 omnesque
507 2190 616 2224 deleti
642 2198 745 2235 sunt3
777 2194 869 2226 inter
896 2204 984 2239 quos
1011 2194 1178 2239 patricius
1202 2194 1444 2237 Theodosius,
1472 2195 1572 2228 cuius

143 2247 246 2269 causa
269 2248 343 2270 non
370 2238 509 2271 modice
533 2238 650 2272 doluit
673 2240 876 2285 imperator.

232 2283 314 2316 Eius
342 2289 502 2329 tempore
544 2286 647 2319 castri
674 2286 863 2321 Cher-sonis
903 2286 1040 2320 incolae
1066 2286 1190 2321 ducem
1219 2289 1403 2333 proprium
1431 2288 1573 2321 Simeo-

137 2340 218 2363 nem
246 2331 355 2364 lonae
382 2332 493 2365 filium
516 2332 792 2368 interemerunt:
817 2339 968 2367 castrum
1001 2334 1108 2367 etiam
1133 2335 1261 2369 Corum
1286 2336 1324 2369 in
1349 2334 1573 2381 Cappadocia

137 2376 183 2410 ab
208 2378 377 2420 Agar-cuis
401 2385 542 2423 captum
570 2385 633 2414 est.

230 2425 334 2458 Porro
357 2426 534 2459 celebrem
571 2437 772 2473 processum
805 2427 852 2460 ad
893 2427 1052 2461 Damiani
1087 2428 1192 2462 aedes
1219 2428 1344 2462 habuit
1368 2429 1572 2472 imperator,

138 2472 264 2504 Zautza
289 2472 480 2506 comitante
517 2478 553 2507 et
589 2486 786 2519 supremam
830 2479 912 2519 post
948 2485 1027 2508 eum
1061 2481 1274 2519 potestatem
1310 2480 1510 2515 exercente,
1535 2479 1573 2509 et

104 2558 106 2560 Ι
138 2519 207 2551 Zoe
238 2519 371 2563 pariter
398 2519 472 2553 eius
503 2520 578 2553 filia
609 2522 840 2555 solemnitatis
865 2521 969 2554 socia.
1028 2522 1249 2568 Theophano
1274 2534 1356 2555 vero
1379 2523 1452 2555 eius
1481 2523 1572 2567 legi-

137 2566 224 2598 tima
249 2565 376 2598 coniux
400 2577 474 2599 non
497 2567 630 2608 aderat,
657 2570 720 2602 sed
748 2570 785 2601 in
804 2567 1008 2602 Blachernis
1035 2569 1078 2602 ad
1106 2576 1262 2603 sanctum
1290 2570 1573 2614 sepulcrumas-

138 2611 250 2645 siduis
292 2613 512 2648 orationibus
539 2615 700 2649 vocabat.
764 2617 976 2661 imperatore
1003 2617 1110 2660 igitur
1133 2628 1265 2649 moram
1295 2617 1347 2649 ibi
1372 2628 1474 2659 agere
1498 2627 1573 2649 me-

137 2658 275 2701 ditato,
298 2660 487 2695 consilium
510 2662 622 2697 iniere
649 2664 796 2698 Zautzae
821 2664 1073 2708 consanguinei
1109 2670 1146 2698 et
1169 2665 1262 2698 filius
1288 2665 1365 2699 eius
1387 2665 1570 2706 Tzanrzes,
