1838 3132
582 110 654 187 nr„
690 145 866 187 LEONE
903 145 1119 188 BARDAE
1154 148 1201 188 F.
1506 135 1601 186 347

168 247 359 297 ποταμοῦ
387 244 696 297 ε’λαττωθὲντος,
725 244 878 294 αὐτούς
907 245 1006 295 τούς
1023 244 1314 300 αἰχμαλώτους
1343 243 1603 298 παρεσκεύα-

168 325 248 352 σαν
272 310 404 363 κόψαι
445 309 616 366 ξυληνόν
656 312 728 352 καί
759 314 928 364 ποιῆσαι
956 315 1165 367 γέφυραν,
1194 313 1264 353 καί
1291 306 1420 359 οὕτως
1447 312 1604 363 ἐπέρα-

168 392 248 417 σαν
273 376 375 429 μετὰ
404 381 475 431 τῆς
506 377 808 430 αἰχμαλωσίας,
839 371 970 419 ὄντων
997 375 1103 430 ὁμοῦ
1121 378 1282 432 ἀνδρῶν
1299 376 1371 418 καὶ
1394 377 1602 430 γυναικῶν

168 440 241 482 καί
281 442 456 484 παιδίων
492 443 680 496 χιλιάδες
721 441 987 497 πεντήκοντα»
1054 443 1249 497 λαβόντες
1287 442 1360 485 καί
1384 442 1517 484 πάντα
1545 440 1597 483 τά

135 505 414 560 5ὑπάρχοντα
444 509 582 550 αὐτῶν
607 507 899 562 Ἀρμενιάτικα
928 509 1354 564 στραγλομαλωτάρια
1379 510 1452 551 καί
1476 516 1638 551 vano-c

169 571 327 628 τάπητα
356 572 540 627 ἀνώτερα
571 574 642 614 καί
667 572 895 626 ἱματισμὸν
925 574 1054 615 πολύν
1091 575 1164 616 καί
1188 572 1442 628 χαλκώματα
1468 572 1601 629 ἐφόρ-

169 655 308 681 τωσαν
335 639 470 680 πάντα
498 641 558 688 εἰς
577 638 652 687 τὰς
682 638 857 693 ἁμάξας,
888 639 958 681 καὶ
983 641 1173 693 λαβόντες
1194 642 1330 690 πάσας
1347 639 1425 688 τὰς
1452 642 1603 694 α’γέλας

169 706 311 746 αὐτῶν
350 705 454 758 βόας
494 706 565 747 καὶ
606 703 798 759 πρόβατα
838 706 1034 760 εἰσῆλθον
1062 708 1122 755 εἰς
1147 707 1425 761 Βουλγαρίαν,
1481 704 1553 748 καί
1581 703 1602 745 ὅ

169 766 322 819 dotum
348 771 598 824 βασιλεύσας
628 770 734 813 κατὰ
764 773 1068 827 παραχώρησιν
1092 775 1199 814 θεοῦ
1216 768 1312 813 οὗτε
1334 770 1466 820 ἀὐτὸς
1490 773 1606 826 ἐξῆλ-

115 837 157 872 10
170 840 244 877 θεν
273 840 344 890 τῆς
373 837 530 886 πόλεως
558 836 895 891 πρὸς.βοη’θειαν
923 840 995 891 τῆς
1022 833 1314 892 αἰχμαλωσίας
1331 832 1423 878 οὔτε
1454 833 1606 886 ἄλλους

169 903 421 948 α’πέστειλεν.
479 902 623 946 λοιπὸν
654 899 728 944 οὖν
754 904 857 956 μετὰ
873 907 1007 945 ταῦτα
1038 904 1237 959 ἀνηγγέλη
1256 900 1380 944 αὐτὸν
1408 901 1605 956 λεγόντων

169 963 233 1014 ὅτι
270 968 290 1010 ὃ
328 970 526 1023 Κροῦμος
564 968 837 1023 ἐστράτευσεν
880 969 982 1011 λαὸν
1020 970 1154 1011 πολύν
1191 967 1498 1023 συναθροίσας,
1534 968 1607 1010 καί

168 1032 268 1083 τούς
291 1032 484 1088 Ἀβάρεις
527 1036 600 1076 καί
638 1032 775 1084 πάσας
815 1034 889 1084 τὰς
921 1035 1185 1088 Σκλαβινίας.
1238 1032 1344 1089 πρὸς
1371 1035 1416 1075 δὲ
1443 1029 1606 1082 τούτοις

168 1100 477 1154 παρασκευάζει
517 1098 736 1156 διαφόρων
771 1098 999 1143 ἑλεπόλεων
1043 1095 1199 1155 ὄργανά
1239 1116 1285 1141 τε
1314 1101 1387 1140 καί
1410 1097 1605 1155 μηχανή-

115 1172 157 1206 15
168 1182 295 1218 ματα,
328 1168 399 1208 καί
426 1166 656 1221 μαγγανικά
688 1170 1022 1222 παμμεγέστατα,
1053 1166 1270 1221 τριβόλους
1285 1181 1330 1208 τε
1358 1164 1431 1207 καί
1454 1181 1603 1220 τετρα-

166 1231 330 1286 βόλους,
359 1235 430 1274 καί
453 1231 641 1287 χελώνας
669 1235 741 1275 καί
767 1233 959 1288 ὑψηλοῦς
989 1236 1214 1285 κλίμακας,
1245 1233 1433 1287 σφαίρας
1460 1247 1508 1273 τε
1535 1233 1645 1277 nain
1676 1258 1683 1262 -

165 1299 348 1351 μοχλοὺς
388 1302 459 1341 καί
490 1298 632 1353 ὀρυάς,
662 1295 802 1354 κριούς
839 1314 882 1340 τε
912 1301 983 1340 καί
1008 1297 1286 1350 βελοστάσεις,
1311 1298 1526 1351 πυρὸβολά
1555 1312 1601 1340 τε

166 1366 240 1406 καί
266 1363 467 1418 λιθόβολα
495 1367 567 1407 καί
594 1367 815 1420 σκορπίδια
843 1365 903 1414 εἷς
922 1363 968 1406 τό
998 1366 1206 1418 βαλέσθαι
1230 1366 1344 1419 βέλη,
1374 1365 1447 1405 καί
1471 1379 1601 1419 σφεν-

168 1430 304 1484 δόνας,
332 1429 465 1472 πάντα
492 1432 777 1487 μηχανήματα
806 1432 909 1473 κατά
943 1434 1024 1473 τῶν
1052 1430 1262 1480 ἐπάλξεων
1290 1431 1366 1471 τοῦ
1393 1425 1499 1471 ἑλεῖν
1526 1430 1602 1484 τήν

110 1501 155 1535 20
168 1496 286 1538 πόλιν
315 1498 384 1538 ἐπὶ
410 1495 453 1538 τὸ
473 1496 641 1539 δυτικόν
667 1499 796 1551 μέρος
814 1499 886 1552 τῆς
912 1496 1070 1546 πόλεως
1088 1494 1193 1537 κατὰ
1222 1498 1297 1538 τοῦ
1323 1497 1490 1550 τείχους
1517 1496 1601 1536 τῶν

164 1565 429 1615 Βλαχερνῶν.
457 1566 592 1606 ταῦτα
635 1562 772 1605 πάντα
798 1562 991 1616 βούλεται
1033 1568 1309 1617 προσαγαγεῖν
1331 1562 1381 1604 τὰ
1408 1559 1599 1616 μηχανή-

163 1644 276 1681 ματα
305 1627 410 1671 ἔνθα
437 1629 510 1671 καί
538 1629 749 1686 ἐτοξεύθη,
777 1631 1013 1682 σταυλίζων
1055 1629 1160 1683 βόας
1190 1627 1390 1683 χιλιάδας
1416 1625 1521 1684 πρὸς
1549 1625 1596 1669 τὸ

257 1752 290 1786 2.
318 1747 451 1796 ξυλὴνὲ

166 1870 223 1891 sus
247 1863 325 1899 est,
357 1870 422 1892 nec
447 1859 535 1892 alios
572 1860 713 1906 quosvis
751 1860 789 1893 in
813 1859 981 1893 auxilium
1012 1859 1199 1892 summisit.
1253 1858 1395 1891 interim
1422 1855 1594 1892 redeunte

165 1905 255 1938 aeris
281 1907 542 1951 tranquillitate
566 1913 603 1940 et
626 1907 733 1941 fluvio
762 1907 999 1947 decrescente,
1036 1905 1178 1950 Bulgari
1201 1905 1304 1938 silvas
1331 1904 1478 1938 caedere
1502 1917 1594 1951 pon-

166 1958 308 1998 temque
341 1958 476 1987 struere
501 1955 659 1999 captivos
689 1954 952 1999 compulerunt3
993 1959 1098 1998 atque
1124 1955 1173 1987 ita
1202 1965 1279 1985 cum
1305 1953 1450 1998 captivis
1475 1953 1594 1986 omni-

164 1998 260 2040 bus,
297 2000 451 2034 virorum
488 2002 593 2034 simul
624 2002 813 2034 mulierum
851 2006 888 2034 et
925 2011 1112 2045 puerorum
1148 2000 1290 2033 milibus
1322 2000 1593 2045 quinquaginta,

165 2046 392 2080 transierunt.
443 2048 498 2080 illi
523 2049 740 2093 captivorum
767 2049 954 2081 facultates
978 2059 1098 2081 omnes
1123 2047 1168 2081 ad
1193 2047 1363 2091 stragulas
1388 2057 1500 2092 usque
1524 2048 1592 2080 Ar-

164 2093 297 2127 menias
323 2094 542 2140 grandesque
575 2101 713 2140 tapetes
740 2107 803 2128 acu
820 2095 946 2140 pictos,
981 2095 1116 2139 generis
1146 2094 1260 2128 omnis
1282 2094 1506 2135 vestimenta,
1529 2094 1588 2127 in-

166 2146 432 2187 strumentaque
471 2142 516 2175 ad
547 2154 649 2175 usum
678 2154 781 2175 aerea
816 2141 976 2175 curribus
1001 2142 1176 2187 imposita,
1204 2142 1385 2187 boumque
1414 2147 1451 2174 et
1473 2141 1590 2175 ovium

165 2198 284 2231 greges
308 2188 479 2222 abductos
503 2195 792 2232 transvexerunt3
816 2195 852 2223 et
878 2188 945 2222 hoc
978 2195 1082 2233 pacto
1103 2188 1301 2233 Bulgariam
1325 2188 1473 2232 ingressi
1494 2194 1588 2229 sunt,

165 2234 336 2280 principe,
360 2236 482 2281 inique
507 2236 552 2269 ad
568 2238 754 2282 imperium
781 2236 839 2269 dei
864 2236 1033 2281 permissu
1056 2241 1230 2281 promoto,
1256 2235 1384 2280 pedem
1404 2246 1479 2270 non
1503 2237 1589 2269 effe-

166 2286 278 2323 rente,
301 2293 419 2328 neque
444 2283 488 2316 ad
511 2285 728 2328 captivorum
751 2295 855 2329 opem
886 2283 976 2316 alios
1005 2283 1122 2327 egredi
1144 2283 1383 2329 permittente.
1429 2282 1484 2316 his
1507 2293 1589 2328 per·
1636 2316 1643 2324 ,

165 2330 252 2361 actis
278 2340 395 2362 rumor
419 2330 465 2363 ad
506 2342 585 2364 eum
609 2330 748 2365 delatus
776 2332 814 2364 in
837 2331 924 2363 haec
949 2330 1057 2363 verba
1080 2331 1252 2364 “Cn-umus
1276 2332 1456 2374 ingentem
1485 2340 1588 2363 exer-

165 2375 271 2408 citum
297 2377 422 2420 coegit,
443 2377 648 2424 Abaresque
669 2384 706 2412 et
729 2390 771 2411 ex
785 2377 970 2411 Sclaviniis
994 2379 1128 2411 cunctis
1153 2378 1271 2423 copias
1296 2377 1460 2421 collegit3
1482 2387 1590 2421 prae-

166 2427 267 2464 parat
288 2423 433 2468 insuper
466 2426 698 2458 instrumenta
722 2425 972 2469 machinasque
1008 2430 1149 2458 cunctas
1176 2423 1415 2470 expugnandis
1442 2423 1589 2457 urbibus

164 2469 336 2510 idoneas,
378 2476 453 2504 arte
492 2471 584 2505 facta
611 2472 770 2517 grandia,
795 2472 956 2512 tribulos,
981 2472 1186 2512 teu-abuius,
1214 2470 1452 2510 testitudines,
1476 2471 1588 2505 scalas

165 2516 334 2558 excelsas,
359 2518 492 2561 globos,
509 2524 638 2561 vectes,
661 2521 775 2559 funes,
790 2520 928 2558 arietes,
953 2518 1108 2560 balistas,
1134 2520 1237 2564 ignea
1255 2519 1379 2556 iacula,
1403 2518 1588 2562 petrarias,

164 2564 380 2607 scorpiones,
406 2566 478 2598 tela
501 2566 722 2606 iaculatoria,
748 2566 886 2606 fundas,
910 2578 980 2599 uno
1007 2566 1114 2599 verbo
1141 2566 1318 2599 machinas
1343 2576 1464 2598 omnes
1484 2565 1589 2599 inva-

164 2609 290 2644 dendis
316 2612 471 2646 turribus
496 2618 532 2646 et
555 2614 758 2647 civitatibus
774 2613 968 2659 capiendis,
987 2618 1031 2647 .ut
1053 2613 1098 2646 ad
1122 2613 1302 2647 occiduam
1328 2612 1427 2644 vobis
1450 2618 1587 2658 partem

163 2657 506 2706 Blachernai-umque
532 2671 667 2694 murum
692 2661 814 2694 urbem
829 2659 1059 2704 aggrediatur.
1107 2666 1281 2694 tormenta
1305 2659 1439 2693 isthaec
1462 2666 1587 2694 cuncta

164 2703 210 2738 ad
233 2704 329 2739 urbis
353 2712 502 2752 partem,
528 2711 597 2754 qua
616 2709 730 2743 telum
751 2709 789 2742 in
814 2717 895 2741 eum
919 2708 1062 2742 missum
1088 2713 1158 2750 est,
1183 2707 1363 2754 applicare
1385 2705 1584 2754 meditatur.
