1838 3132
325 145 421 191 352
745 145 1009 191 sempron
1048 113 1308 189 mcen‘rns

325 247 477 303 νήσατε
493 247 568 304 τήν
596 246 841 301 εἶκόναμου,
867 243 916 287 οὗ
948 247 1232 300 ,καταδέχομαι
1255 248 1579 298 προσκυνεῖσθαι
1605 246 1751 301 αὐτήν.

321 315 394 356 καί
412 316 535 355 τοῦτο
561 311 740 362 οἰκούσας
757 315 962 367 συνῆλθεν
989 312 1103 367 αὐτῷ
1119 311 1190 351 καί
1203 316 1287 358 τοῖς
1314 313 1624 365 προειρημένοις
1647 311 1754 354 a’roe'-

319 394 429 428 κτοις
455 379 527 419 καί
545 375 832 432 ἀπαιδεύτοις,
861 377 932 419 καί
958 373 1101 430 ἄγεται
1128 374 1305 429 ἀρχηγὸς
1331 378 1403 416 καί
1425 379 1581 430 πρῶτος
1600 378 1752 420 θεώ-ὤν.

321 445 395 485 καί
421 442 565 485 λοιπὸν
591 444 834 496 ἠγωνίζοντο
863 441 963 483 κατὰ
995 443 1066 495 τῆς
1095 441 1311 495 ἀληθείας,
1344 441 1566 494 α’ρξάμενοι
1597 441 1678 484 α’πὸ
1704 444 1756 499 τῇ

322 508 571 563 πεντηκοστῇ
609 507 647 547 οἱ
678 507 773 561 περὶ
798 507 870 549 τὸν
891 504 1084 560 Ἰωάννην
1106 505 1176 547 τόν
1194 508 1264 547 καί
1285 506 1449 548 Ὑλιλᾶν
1475 505 1675 560 σωρεύειν
1701 507 1787 551 τὰὸ

323 571 487 625 βιβλία·
541 571 609 613 τὸν
642 573 687 613 δὲ
713 572 931 615 ’Λντώνιον
969 573 1269 625 προσελάβοντο
1303 569 1383 612 ἀπὸ
1407 568 1580 614 Ἰουλίου
1609 571 1752 627 μηνός.

285 637 396 678 Barac*
422 635 563 679 λοιπὸν
593 639 669 686 ἓως
696 636 1031 691 τὸνΛεκέμβριον
1057 638 1167 690 μῆνα
1197 636 1375 688 κρυπτὸν
1395 637 1467 678 τόν
1488 636 1608 678 δόλον
1626 634 1754 690 εἶχον·

326 701 583 757 ἐρωτώμενοι
621 705 668 745 δὲ
708 702 843 756 ἔλεγον
869 702 1122 755 ψευδόμενοι
1160 700 1224 743 ὅτι
1255 702 1275 743 ὃ
1307 702 1504 754 βασιλεὺς
1533 704 1758 757 ἐπέτρεψεν

326 769 438 822 ἡμᾶς
466 769 718 824 ψηλαφῆσαι
745 767 796 808 τοὶ
826 770 980 822 βιβλία,
1012 764 1073 807 ὅτι
1099 771 1285 820 λέγουσιν
1308 769 1420 822 αὐτῷ
1446 769 1553 816 τινὲς
1581 766 1646 809 ὅτι
1673 769 1755 809 6).ιὲ

327 850 398 887 γον
429 835 579 887 χρόνον
620 832 728 887 ἔχεις
768 836 1041 888 βασιλεῦσαι,
1074 835 1145 874 καί
1181 834 1312 873 ἕνεκεν
1342 831 1491 874 τούτου
1521 833 1757 885 ποιούμεθα
1772 846 1814 881 10

326 899 402 953 τὴν
433 898 611 954 ζήτησιν.
680 901 753 940 καί
785 900 882 953 περὶ
918 897 983 940 τὸν
1019 901 1273 951 Δεκέμβριον
1301 901 1412 951 μῆνα
1441 901 1559 952 δηλοῖ
1582 897 1653 940 τὸν
1680 915 1759 940 πα·-

327 965 533 1020 τριάρχην
562 964 581 1004 ὅ
611 967 734 1007 Λέων
764 961 829 1006 ὅτι
857 963 879 1004 ὅ
910 963 1009 1012 λαὸς
1033 965 1347 1013 σκανδαλιζεται
1376 962 1445 1004 διὰ
1477 963 1553 1012 τὰς
1585 963 1760 1021 εἰκόνας,

328 1034 511 1084 λέγοντες
549 1029 612 1071 ὅτι
653 1033 788 1079 κακῶς
831 1031 963 1078 αὐτὰς
1008 1031 1317 1083 προσκυνοῦμεν
1354 1030 1424 1070 καί
1449 1025 1513 1070 ὅτι
1541 1028 1610 1070 διὰ
1637 1030 1760 1071 τοῦτο

325 1095 377 1138 τὰ
409 1094 509 1150 ἔθνη
537 1095 803 1149 κυριεύουσιν
831 1094 975 1149 ἡμῶν
1004 1094 1076 1136 καί
1103 1095 1362 1149 συγκατάβα,
1392 1095 1508 1148 φησί,
1534 1097 1574 1136 ri
1598 1093 1761 1147 μικρόν,

329 1162 403 1203 καί
430 1163 599 1216 ποίησον
619 1162 852 1212 οἰκονομίαν
882 1162 941 1209 εἰς
970 1159 1041 1202 τόν
1062 1160 1175 1215 λαόν,
1194 1159 1265 1200 καί
1289 1158 1337 1200 τὰ
1363 1157 1533 1214 χαμηλὰ
1562 1163 1759 1213 περιέλω-
1776 1166 1818 1200 15

330 1242 420 1281 μεν.
451 1229 491 1269 εἰ
516 1229 562 1268 δὲ
588 1225 646 1280 μὴ
676 1229 831 1279 βούλει,
857 1232 999 1267 πεῖσον
1021 1225 1132 1280 ἡμᾶς
1162 1227 1215 1266 δι’
1248 1220 1300 1265 οὗ
1326 1227 1460 1267 ἕνεκεν
1483 1230 1763 1278 προσκυνεῖτε,

292 1295 404 1347 Οτῆς
431 1295 597 1348 γραφῆς
620 1290 678 1345 μὴ
708 1291 886 1346 ἐχούσης
905 1291 1038 1347 ῥητῶς
1052 1291 1227 1332 πώποτε.
1257 1290 1326 1332 καὶ
1353 1292 1474 1344 δηλοῖ
1495 1290 1612 1346 αὐτῷ
1636 1289 1658 1330 ὅ
1680 1305 1762 1330 πα-

329 1357 526 1412 τριάρχης
553 1354 619 1399 ὅτι
649 1357 767 1410 ἡμεῖς
784 1355 835 1398 τά
866 1359 1001 1405 καλῶς
1028 1358 1070 1406 ἐξ
1098 1356 1230 1410 ἀρχῆς
1257 1355 1328 1397 καί
1356 1351 1520 1396 ἄνωθεν
1545 1353 1764 1409 ὁρισθέντα

329 1421 410 1465 ὖπό
442 1438 487 1464 τε
527 1426 610 1465 τῶν
650 1422 890 1464 ἀποστόλων
917 1421 987 1462 καί
1012 1425 1093 1463 τῶν
1134 1423 1324 1476 πατέρων
1355 1416 1448 1462 οὔτε
1475 1418 1764 1475 παρασαλεύο-

327 1505 405 1543 μεν
429 1485 525 1531 οὔτε
566 1485 862 1543 περισσότερόν
886 1504 928 1529 τι
968 1490 1013 1529 ἐν
1053 1488 1196 1535 αὐτοῖς
1225 1488 1531 1538 οἰκονομοῦμεν,
1558 1488 1635 1527 τοῦ
1661 1481 1761 1527 ἄπο·
1773 1493 1820 1529 20

329 1554 479 1597 στόλου
509 1553 696 1608 λέγοντος
722 1550 784 1594 ὅτι
810 1555 882 1594 καί
907 1553 982 1595 ἐὰν
1009 1554 1127 1607 ἡμεῖς
1152 1549 1180 1607 ἢ
1217 1548 1385 1605 ἄγγελος
1413 1554 1457 1602 ἐξ
1485 1553 1669 1606 ου’ρανοῦ
1693 1551 1764 1591 εὕ-

329 1622 588 1676 αγγελίζηται
608 1619 708 1672 ὑμῖν
730 1624 828 1674 παρ’
851 1616 874 1660 ὃ
891 1617 1251 1674 εὖαγγελισάμεθα
1281 1617 1397 1670 ὑμῖν,
1425 1615 1618 1671 α’νάθεμα
1645 1615 1762 1660 ἔστω,

424 1742 480 1776 21.
508 1735 575 1777 ἐὰν
600 1739 670 1773 add
695 1739 803 1773 Comb
928 1740 985 1773 22.
1013 1734 1116 1787 παρὰ
1143 1740 1182 1773 P:
1208 1751 1286 1775 corr
1308 1739 1418 1773 Comb

333 1848 478 1882 adorare
510 1847 761 1881 consentiam.'’
818 1846 872 1879 his
900 1847 1043 1888 auditis,
1072 1858 1149 1880 cum
1181 1858 1223 1880 eo
1257 1852 1293 1880 et
1316 1847 1484 1892 praefatis
1507 1847 1763 1892 incompositae

332 1897 463 1930 mentis
491 1901 527 1928 et
551 1894 730 1927 illiteratis
758 1893 960 1927 hominibus
986 1895 1164 1935 convenit,
1189 1898 1226 1926 et
1251 1894 1414 1939 princeps
1437 1899 1614 1940 caputque
1642 1902 1766 1927 eorum

333 1943 546 1976 instituitur.
596 1940 859 1974 contendebant
882 1941 987 1983 igitur
1010 1941 1048 1973 in
1073 1941 1259 1973 veritatem
1285 1952 1304 1973 a
1329 1946 1547 1985 pentecoste,
1570 1941 1632 1986 qui
1659 1941 1764 1973 Ioan-

333 2001 414 2022 nem
445 1995 480 2022 et
498 1989 649 2032 Hylilam
679 1987 930 2032 sequebantur,
959 1998 1162 2020 coacervare
1187 1987 1316 2020 libros:
1346 1987 1436 2020 Iulio
1461 1998 1543 2020 vero
1563 1999 1680 2020 mense
1704 1997 1764 2019 so-

332 2038 425 2068 cium
463 2035 700 2067 adiunxerunt
734 2034 948 2075 Antonium,
985 2039 1021 2066 et
1060 2033 1226 2078 deinceps
1261 2033 1306 2066 ad
1333 2033 1764 2066 Decembrem‘occultum

332 2082 505 2127 gerebant
528 2081 661 2114 dolum.
709 2081 914 2123 interrogati
940 2091 1021 2113 vero
1045 2080 1134 2113 falso
1162 2079 1424 2124 respondebant
1449 2080 1581 2113 “libros
1605 2091 1765 2125 perscru-

331 2130 399 2162 tari
423 2128 576 2160 iniunxit
600 2129 806 2171 imperator,
832 2126 929 2171 quod
950 2126 1093 2172 qnidam
1117 2126 1417 2168 annuntiaverint,
1442 2126 1646 2159 brevissimo
1671 2131 1764 2159 tem-

331 2186 417 2221 pore
446 2173 645 2218 imperabis.
694 2173 798 2206 liuius
826 2185 928 2206 causa
955 2184 1102 2205 examen
1128 2173 1378 2206 instituimus.”
1426 2173 1515 2206 circa
1530 2172 1763 2205 Decembrem

331 2233 416 2255 vero
455 2218 608 2253 mensem
649 2220 720 2252 Leo
764 2219 984 2264 patriarchae
1028 2220 1201 2263 significat
1238 2220 1452 2262 “imaginum
1479 2231 1583 2252 causa
1609 2219 1764 2265 populus

333 2267 545 2307 offenditur,
582 2266 759 2299 dicentes:
799 2278 960 2311 perverse
996 2266 1179 2298 adoramus
1208 2266 1309 2306 illas,
1338 2271 1373 2299 et
1399 2272 1585 2311 propterea
1613 2266 1763 2309 gentiles

334 2314 438 2348 nobis
476 2313 714 2346 dominantur.
765 2311 1029 2346 condescende”
1065 2311 1190 2356 inquid
1221 2312 1453 2353 unumunurn,
1477 2312 1764 2346 etmoderamen

335 2361 381 2394 ad
405 2361 573 2405 populum
604 2359 707 2399 habe,
734 2365 768 2392 et
794 2371 884 2404 quae
914 2365 996 2392 sunt
1021 2358 1160 2391 abiecta
1189 2358 1439 2393 rescindamus.
1490 2360 1516 2391 si
1544 2370 1614 2391 non
1641 2369 1764 2392 assen-

335 2408 446 2447 tiaris,
472 2406 597 2439 exhibe
627 2411 661 2438 et
690 2406 859 2449 persuade
885 2406 984 2438 cuius
1008 2406 1116 2449 gratia
1134 2429 1143 2444 ,
1170 2406 1339 2450 scriptura
1364 2405 1451 2439 haec
1478 2405 1609 2438 diserte
1633 2403 1764 2438 nullibi

336 2459 539 2492 asserente,
579 2451 733 2484 adoretis
770 2453 972 2496 inmgines.''
1026 2450 1215 2496 respondet
1245 2452 1443 2496 patriarcha
1477 2451 1588 2484 “haec
1621 2454 1712 2496 quae
1743 2461 1764 2482 a

334 2500 512 2546 principio
538 2504 574 2532 et
595 2499 839 2543 superioribus
864 2498 1083 2543 temporibus
1100 2497 1144 2530 ab
1172 2499 1344 2540 apostolis
1368 2504 1404 2531 et
1432 2499 1590 2543 patribus
1616 2496 1765 2534 definita

336 2553 430 2588 sunt,
460 2546 560 2579 nulla
585 2547 722 2577 ratione
749 2546 967 2584 innovamus,
994 2556 1059 2578 nec
1081 2545 1230 2588 amplius
1256 2545 1342 2590 quid
1363 2543 1617 2578 moderandum
1642 2554 1766 2576 cense-

335 2604 412 2626 mus
437 2593 481 2625 ab
509 2591 671 2636 apostolo
698 2590 858 2623 dicente:
888 2592 915 2624 si
940 2591 997 2624 vel
1020 2591 1164 2634 angelus
1191 2590 1234 2624 de
1260 2592 1359 2624 caelo
1376 2590 1636 2624 annuntiaverit
1658 2599 1765 2634 prae-

335 2645 390 2673 ter
424 2639 460 2672 id
486 2638 582 2684 quod
620 2637 720 2670 vobis
760 2638 1052 2677 denuntiavimus,
1077 2637 1261 2670 anathema
1287 2639 1341 2670 sit.
1389 2648 1460 2684 qua
1488 2648 1569 2670 vero
1592 2635 1637 2669 de
1661 2647 1766 2668 causa

337 2685 521 2719 adoramus
545 2695 682 2718 crucem
707 2689 742 2718 et
758 2684 994 2729 evangelium,
1021 2683 1140 2717 eadem
1168 2685 1335 2729 imagines
1360 2695 1576 2724 veneramur,
1599 2681 1765 2728 quando-
