<?xml version="1.0" encoding="UTF-8"?>
<!DOCTYPE html PUBLIC "-//W3C//DTD XHTML 1.0 Transitional//EN"
    "http://www.w3.org/TR/xhtml1/DTD/xhtml1-transitional.dtd">
<html xmlns="http://www.w3.org/1999/xhtml" xml:lang="en" lang="en">
 <head>
  <title>
</title>
<meta http-equiv="Content-Type" content="text/html;charset=utf-8" />
  <meta name='ocr-system' content='tesseract 3.04.00' />
  <meta name='ocr-capabilities' content='ocr_page ocr_carea ocr_par ocr_line ocrx_word'/>
</head>
<body>
  <div class='ocr_page' id='page_1' title='image "./corpusscriptorum34niebuoft/corpusscriptorum34niebuoft_0250.png"; bbox 0 0 1838 3132; ppageno 0'>
   <div class='ocr_carea' id='block_1_1' title="bbox 292 156 1308 207">
    <p class='ocr_par' dir='ltr' id='par_1_1' title="bbox 292 156 1308 207">
     <span class='ocr_line' id='line_1_1' title="bbox 292 156 1308 207; baseline 0.006 -6"><span class='ocrx_word' id='word_1_1' title='bbox 292 156 388 202; x_wconf 77' lang='lat'><em>238</em></span> <span class='ocrx_word' id='word_1_2' title='bbox 731 163 920 205; x_wconf 81' lang='lat' dir='ltr'><strong>LEONIS</strong></span> <span class='ocrx_word' id='word_1_3' title='bbox 962 164 1308 207; x_wconf 78' lang='lat' dir='ltr'>GRAMMATICI</span> 
     </span>
    </p>
   </div>
   <div class='ocr_carea' id='block_1_2' title="bbox 235 256 1794 1771">
    <p class='ocr_par' dir='ltr' id='par_1_2' title="bbox 255 256 1736 452">
     <span class='ocr_line' id='line_1_2' title="bbox 255 256 1734 320; baseline 0.004 -18"><span class='ocrx_word' id='word_1_4' title='bbox 255 256 486 314; x_wconf 71' lang='grc' dir='ltr'><em>Βεῧρισκον</em></span> <span class='ocrx_word' id='word_1_5' title='bbox 527 264 657 304; x_wconf 73' lang='grc' dir='ltr'><em>λίθων</em></span> <span class='ocrx_word' id='word_1_6' title='bbox 688 262 731 303; x_wconf 81' lang='grc' dir='ltr'><em>ἐν</em></span> <span class='ocrx_word' id='word_1_7' title='bbox 774 268 864 310; x_wconf 82' lang='grc' dir='ltr'><em>ταῖς</em></span> <span class='ocrx_word' id='word_1_8' title='bbox 901 261 1014 312; x_wconf 78' lang='grc' dir='ltr'><em>ὄδοῖς</em></span> <span class='ocrx_word' id='word_1_9' title='bbox 1051 260 1078 318; x_wconf 73' lang='grc' dir='ltr'><strong><em>ἢ</em></strong></span> <span class='ocrx_word' id='word_1_10' title='bbox 1122 264 1266 319; x_wconf 81' lang='grc' dir='ltr'><em>κη’ποις</em></span> <span class='ocrx_word' id='word_1_11' title='bbox 1292 266 1491 320; x_wconf 71' lang='grc' dir='ltr'><em>ἐρυθροΐς</em></span> <span class='ocrx_word' id='word_1_12' title='bbox 1529 264 1587 315; x_wconf 74' lang='grc' dir='ltr'><em>ὥς</em></span> <span class='ocrx_word' id='word_1_13' title='bbox 1615 260 1734 319; x_wconf 83' lang='grc' dir='ltr'><em>αἷμα.</em></span> 
     </span>
     <span class='ocr_line' id='line_1_3' title="bbox 291 325 1736 384; baseline 0.005 -17"><span class='ocrx_word' id='word_1_14' title='bbox 291 325 572 381; x_wconf 79' lang='grc' dir='ltr'><em>προβάλλεται</em></span> <span class='ocrx_word' id='word_1_15' title='bbox 601 330 648 370; x_wconf 80' lang='grc' dir='ltr'><em>δὲ</em></span> <span class='ocrx_word' id='word_1_16' title='bbox 674 328 856 384; x_wconf 75' lang='grc' dir='ltr'><em>Μιχαὴλ</em></span> <span class='ocrx_word' id='word_1_17' title='bbox 884 330 1116 384; x_wconf 77' lang='grc' dir='ltr'><em>Ἀντίγονον</em></span> <span class='ocrx_word' id='word_1_18' title='bbox 1143 329 1216 372; x_wconf 82' lang='grc' dir='ltr'><em>τὸν</em></span> <span class='ocrx_word' id='word_1_19' title='bbox 1236 329 1330 372; x_wconf 85' lang='grc' dir='ltr'><em>υἱόν</em></span> <span class='ocrx_word' id='word_1_20' title='bbox 1359 332 1512 384; x_wconf 74' lang='grc' dir='ltr'><em>Βάρδα</em></span> <span class='ocrx_word' id='word_1_21' title='bbox 1541 333 1736 384; x_wconf 79' lang='grc' dir='ltr'><em>ὃομέστι-</em></span> 
     </span>
     <span class='ocr_line' id='line_1_4' title="bbox 293 389 1732 452; baseline 0.004 -19"><span class='ocrx_word' id='word_1_22' title='bbox 293 407 365 433; x_wconf 75' lang='grc' dir='ltr'><em>κον</em></span> <span class='ocrx_word' id='word_1_23' title='bbox 389 395 471 435; x_wconf 79' lang='grc' dir='ltr'><em>τῶν</em></span> <span class='ocrx_word' id='word_1_24' title='bbox 497 395 683 446; x_wconf 77' lang='grc' dir='ltr'><em>σχολῶν·</em></span> <span class='ocrx_word' id='word_1_25' title='bbox 746 389 827 436; x_wconf 80' lang='grc' dir='ltr'><em>τὸν</em></span> <span class='ocrx_word' id='word_1_26' title='bbox 868 397 914 437; x_wconf 74' lang='grc' dir='ltr'><em>δὲ</em></span> <span class='ocrx_word' id='word_1_27' title='bbox 957 397 1094 450; x_wconf 76' lang='grc' dir='ltr'><em>ἕτερον</em></span> <span class='ocrx_word' id='word_1_28' title='bbox 1123 394 1218 438; x_wconf 77' lang='grc' dir='ltr'><em>υἱόν</em></span> <span class='ocrx_word' id='word_1_29' title='bbox 1250 397 1382 437; x_wconf 59' lang='lat' dir='ltr'><em>miros?</em></span> <span class='ocrx_word' id='word_1_30' title='bbox 1411 394 1510 446; x_wconf 76' lang='grc' dir='ltr'><em>δούς</em></span> <span class='ocrx_word' id='word_1_31' title='bbox 1537 403 1732 452; x_wconf 78' lang='grc' dir='ltr'><em>γυναῖκα,</em></span> 
     </span>
    </p>

    <p class='ocr_par' dir='ltr' id='par_1_3' title="bbox 235 457 1770 780">
     <span class='ocr_line' id='line_1_5' title="bbox 235 457 1737 517; baseline 0.005 -20"><span class='ocrx_word' id='word_1_32' title='bbox 235 463 282 498; x_wconf 83' lang='grc'><em>45</em></span> <span class='ocrx_word' id='word_1_33' title='bbox 295 460 353 506; x_wconf 85' lang='grc' dir='ltr'><em>εἰς</em></span> <span class='ocrx_word' id='word_1_34' title='bbox 382 457 431 512; x_wconf 74' lang='grc' dir='ltr'><em>ἣν</em></span> <span class='ocrx_word' id='word_1_35' title='bbox 458 462 531 500; x_wconf 82' lang='grc' dir='ltr'><strong><em>καί</em></strong></span> <span class='ocrx_word' id='word_1_36' title='bbox 558 460 818 514; x_wconf 77' lang='grc' dir='ltr'><em>ἐλοιδορεῖτο,</em></span> <span class='ocrx_word' id='word_1_37' title='bbox 861 459 1138 514; x_wconf 80' lang='grc' dir='ltr'><em>προβάλλεται</em></span> <span class='ocrx_word' id='word_1_38' title='bbox 1165 458 1291 504; x_wconf 66' lang='grc' dir='ltr'><em>αὐτὸν</em></span> <span class='ocrx_word' id='word_1_39' title='bbox 1318 460 1650 517; x_wconf 76' lang='grc' dir='ltr'><em>μονοστράτηγον</em></span> <span class='ocrx_word' id='word_1_40' title='bbox 1677 465 1737 513; x_wconf 86' lang='grc' dir='ltr'><em>εἰς</em></span> 
     </span>
     <span class='ocr_line' id='line_1_6' title="bbox 290 522 1770 582; baseline 0.004 -18"><span class='ocrx_word' id='word_1_41' title='bbox 290 523 345 565; x_wconf 79' lang='grc' dir='ltr'><em>τά</em></span> <span class='ocrx_word' id='word_1_42' title='bbox 376 523 517 565; x_wconf 79' lang='grc' dir='ltr'><em>δυτικά</em></span> <span class='ocrx_word' id='word_1_43' title='bbox 548 527 736 579; x_wconf 78' lang='grc' dir='ltr'><strong><em>θέματα,</em></strong></span> <span class='ocrx_word' id='word_1_44' title='bbox 775 522 1093 581; x_wconf 71' lang='grc' dir='ltr'><em>τελεύτήσαντος</em></span> <span class='ocrx_word' id='word_1_45' title='bbox 1121 528 1253 569; x_wconf 72' lang='grc' dir='ltr'><em>αὐτοῦ</em></span> <span class='ocrx_word' id='word_1_46' title='bbox 1281 529 1424 569; x_wconf 81' lang='grc' dir='ltr'><em>ἐκεῖσε.</em></span> <span class='ocrx_word' id='word_1_47' title='bbox 1481 530 1570 580; x_wconf 83' lang='grc' dir='ltr'><em>μετ’</em></span> <span class='ocrx_word' id='word_1_48' title='bbox 1599 529 1770 582; x_wconf 74' lang='grc' dir='ltr'><em>ὅλίγονὸ</em></span> 
     </span>
     <span class='ocr_line' id='line_1_7' title="bbox 288 587 1737 650; baseline 0.003 -20"><span class='ocrx_word' id='word_1_49' title='bbox 288 592 335 631; x_wconf 76' lang='grc' dir='ltr'><em>δὲ</em></span> <span class='ocrx_word' id='word_1_50' title='bbox 363 593 413 645; x_wconf 86' lang='grc' dir='ltr'><em>τῇ</em></span> <span class='ocrx_word' id='word_1_51' title='bbox 445 587 618 646; x_wconf 78' lang='grc' dir='ltr'><em>τετάρτῃ</em></span> <span class='ocrx_word' id='word_1_52' title='bbox 645 591 718 645; x_wconf 79' lang='grc' dir='ltr'><em>τῆς</em></span> <span class='ocrx_word' id='word_1_53' title='bbox 745 593 1066 648; x_wconf 77' lang='grc' dir='ltr'><em>διακαινησίμου</em></span> <span class='ocrx_word' id='word_1_54' title='bbox 1097 594 1377 647; x_wconf 79' lang='grc' dir='ltr'><em>προβάλλεται</em></span> <span class='ocrx_word' id='word_1_55' title='bbox 1405 593 1590 649; x_wconf 74' lang='grc' dir='ltr'><em>Μιχαὴλ</em></span> <span class='ocrx_word' id='word_1_56' title='bbox 1617 592 1737 650; x_wconf 85' lang='grc' dir='ltr'><em>Βάρ-</em></span> 
     </span>
     <span class='ocr_line' id='line_1_8' title="bbox 288 655 1738 715; baseline 0.006 -21"><span class='ocrx_word' id='word_1_57' title='bbox 288 657 367 695; x_wconf 77' lang='grc' dir='ltr'><em>δαν</em></span> <span class='ocrx_word' id='word_1_58' title='bbox 393 658 510 696; x_wconf 76' lang='grc' dir='ltr'><em>θεῖον</em></span> <span class='ocrx_word' id='word_1_59' title='bbox 539 656 673 698; x_wconf 71' lang='grc' dir='ltr'><em>αὐτοῦ</em></span> <span class='ocrx_word' id='word_1_60' title='bbox 693 657 909 715; x_wconf 77' lang='grc' dir='ltr'><em>Καίσαρα,</em></span> <span class='ocrx_word' id='word_1_61' title='bbox 937 656 982 708; x_wconf 77' lang='grc' dir='ltr'><em>ὃς</em></span> <span class='ocrx_word' id='word_1_62' title='bbox 1024 658 1096 701; x_wconf 82' lang='grc' dir='ltr'><em>ἑπί</em></span> <span class='ocrx_word' id='word_1_63' title='bbox 1122 655 1305 714; x_wconf 81' lang='grc' dir='ltr'><em>ἅρματος</em></span> <span class='ocrx_word' id='word_1_64' title='bbox 1334 659 1556 715; x_wconf 75' lang='grc' dir='ltr'><em>ἑποχηθείς</em></span> <span class='ocrx_word' id='word_1_65' title='bbox 1584 658 1738 703; x_wconf 75' lang='grc' dir='ltr'><em>ἔδωκεν</em></span> 
     </span>
     <span class='ocr_line' id='line_1_9' title="bbox 287 719 716 780; baseline 0.009 -19"><span class='ocrx_word' id='word_1_66' title='bbox 287 719 489 763; x_wconf 73' lang='grc' dir='ltr'><em>ὑπατείαν</em></span> <span class='ocrx_word' id='word_1_67' title='bbox 518 722 571 778; x_wconf 81' lang='grc' dir='ltr'><em>τῇ</em></span> <span class='ocrx_word' id='word_1_68' title='bbox 595 725 716 780; x_wconf 88' lang='grc' dir='ltr'><em>μέσῃ.</em></span> 
     </span>
    </p>

    <p class='ocr_par' dir='ltr' id='par_1_4' title="bbox 284 787 1794 1045">
     <span class='ocr_line' id='line_1_10' title="bbox 390 787 1736 849; baseline 0.004 -20"><span class='ocrx_word' id='word_1_69' title='bbox 390 787 585 842; x_wconf 78' lang='grc' dir='ltr'><em>Ἐξῆλθεν</em></span> <span class='ocrx_word' id='word_1_70' title='bbox 628 790 675 831; x_wconf 76' lang='grc' dir='ltr'><em>δὲ</em></span> <span class='ocrx_word' id='word_1_71' title='bbox 710 792 783 831; x_wconf 81' lang='grc' dir='ltr'>καί</span> <span class='ocrx_word' id='word_1_72' title='bbox 808 787 831 831; x_wconf 80' lang='grc' dir='ltr'>ὅ</span> <span class='ocrx_word' id='word_1_73' title='bbox 870 790 1001 844; x_wconf 80' lang='grc' dir='ltr'><em>Ἀμὲρ</em></span> <span class='ocrx_word' id='word_1_74' title='bbox 1045 790 1117 832; x_wconf 79' lang='grc' dir='ltr'>καί</span> <span class='ocrx_word' id='word_1_75' title='bbox 1143 793 1348 846; x_wconf 78' lang='grc' dir='ltr'><em>κατῆλθεν</em></span> <span class='ocrx_word' id='word_1_76' title='bbox 1376 793 1504 846; x_wconf 83' lang='grc' dir='ltr'><em>μέχρι</em></span> <span class='ocrx_word' id='word_1_77' title='bbox 1533 790 1736 849; x_wconf 73' lang='grc' dir='ltr'><em>Σινώπης,</em></span> 
     </span>
     <span class='ocr_line' id='line_1_11' title="bbox 287 854 1794 911; baseline 0.003 -18"><span class='ocrx_word' id='word_1_78' title='bbox 287 854 535 907; x_wconf 77' lang='grc' dir='ltr'><em>ληϊσάμενος</em></span> <span class='ocrx_word' id='word_1_79' title='bbox 579 856 715 897; x_wconf 80' lang='grc' dir='ltr'><em>πάντα</em></span> <span class='ocrx_word' id='word_1_80' title='bbox 742 855 794 898; x_wconf 78' lang='grc' dir='ltr'><em>τὰ</em></span> <span class='ocrx_word' id='word_1_81' title='bbox 835 860 918 898; x_wconf 77' lang='grc' dir='ltr'><em>τῶν</em></span> <span class='ocrx_word' id='word_1_82' title='bbox 949 854 1181 909; x_wconf 80' lang='grc' dir='ltr'><em>Ῥωμαίων.</em></span> <span class='ocrx_word' id='word_1_83' title='bbox 1239 857 1542 911; x_wconf 80' lang='grc' dir='ltr'><em>ἐκστρατεύσας</em></span> <span class='ocrx_word' id='word_1_84' title='bbox 1569 860 1616 900; x_wconf 82' lang='grc' dir='ltr'><em>δὲ</em></span> <span class='ocrx_word' id='word_1_85' title='bbox 1644 861 1736 901; x_wconf 83' lang='grc' dir='ltr'><em>Μι-</em></span> <span class='ocrx_word' id='word_1_86' title='bbox 1751 865 1794 899; x_wconf 90' lang='grc'><em>10</em></span> 
     </span>
     <span class='ocr_line' id='line_1_12' title="bbox 284 916 1753 980; baseline 0.006 -21"><span class='ocrx_word' id='word_1_87' title='bbox 284 918 398 973; x_wconf 78' lang='grc' dir='ltr'><em>χαὴλ</em></span> <span class='ocrx_word' id='word_1_88' title='bbox 429 916 518 972; x_wconf 80' lang='grc' dir='ltr'><em>ἅμα</em></span> <span class='ocrx_word' id='word_1_89' title='bbox 561 920 710 980; x_wconf 70' lang='grc' dir='ltr'><em>Βάρδᾳ</em></span> <span class='ocrx_word' id='word_1_90' title='bbox 753 925 944 977; x_wconf 84' lang='grc' dir='ltr'><em>Καίσαρι</em></span> <span class='ocrx_word' id='word_1_91' title='bbox 975 926 1133 978; x_wconf 77' lang='grc' dir='ltr'><em>κίνησιν</em></span> <span class='ocrx_word' id='word_1_92' title='bbox 1174 929 1287 964; x_wconf 83' lang='grc' dir='ltr'><em>ποιεῖ</em></span> <span class='ocrx_word' id='word_1_93' title='bbox 1311 923 1416 965; x_wconf 81' lang='grc' dir='ltr'><em>κατὰ</em></span> <span class='ocrx_word' id='word_1_94' title='bbox 1445 920 1753 979; x_wconf 75' lang='grc' dir='ltr'><em>Μιχαὴλ..ἆ’ρ-“</em></span> 
     </span>
     <span class='ocr_line' id='line_1_13' title="bbox 284 986 1740 1045; baseline 0.005 -21"><span class='ocrx_word' id='word_1_95' title='bbox 284 999 430 1038; x_wconf 79' lang='grc' dir='ltr'><em>χοντῡς</em></span> <span class='ocrx_word' id='word_1_96' title='bbox 457 987 724 1041; x_wconf 69' lang='grc' dir='ltr'><em>Βουλγαρίας</em></span> <span class='ocrx_word' id='word_1_97' title='bbox 751 987 820 1030; x_wconf 76' lang='grc' dir='ltr'><em>διά</em></span> <span class='ocrx_word' id='word_1_98' title='bbox 851 1005 893 1030; x_wconf 90' lang='grc' dir='ltr'><em>τε</em></span> <span class='ocrx_word' id='word_1_99' title='bbox 921 991 996 1043; x_wconf 81' lang='grc' dir='ltr'><em>γῆς</em></span> <span class='ocrx_word' id='word_1_100' title='bbox 1041 988 1114 1030; x_wconf 84' lang='grc' dir='ltr'><em>καί</em></span> <span class='ocrx_word' id='word_1_101' title='bbox 1138 986 1367 1045; x_wconf 78' lang='grc' dir='ltr'><em>θαλάσσης,</em></span> <span class='ocrx_word' id='word_1_102' title='bbox 1395 989 1549 1042; x_wconf 77' lang='grc' dir='ltr'><em>μαθών</em></span> <span class='ocrx_word' id='word_1_103' title='bbox 1575 988 1622 1033; x_wconf 84' lang='grc' dir='ltr'><em>τὸ</em></span> <span class='ocrx_word' id='word_1_104' title='bbox 1653 991 1740 1032; x_wconf 74' lang='grc' dir='ltr'><em>τῶν</em></span> 
     </span>
    </p>

    <p class='ocr_par' dir='ltr' id='par_1_5' title="bbox 249 1051 1794 1705">
     <span class='ocr_line' id='line_1_14' title="bbox 249 1051 1736 1112; baseline 0.004 -19"><span class='ocrx_word' id='word_1_105' title='bbox 249 1051 546 1106; x_wconf 67' lang='grc' dir='ltr'><em>(ἱΒουλγάρων</em></span> <span class='ocrx_word' id='word_1_106' title='bbox 590 1052 711 1103; x_wconf 75' lang='grc' dir='ltr'><em>ἔθνος</em></span> <span class='ocrx_word' id='word_1_107' title='bbox 749 1057 860 1112; x_wconf 69' lang='grc' dir='ltr'><em>λιμῷ</em></span> <span class='ocrx_word' id='word_1_108' title='bbox 896 1053 1108 1110; x_wconf 76' lang='grc' dir='ltr'><em>τήκεσθαι.</em></span> <span class='ocrx_word' id='word_1_109' title='bbox 1183 1054 1220 1097; x_wconf 83' lang='grc' dir='ltr'><em>οἱ</em></span> <span class='ocrx_word' id='word_1_110' title='bbox 1261 1057 1306 1097; x_wconf 78' lang='grc' dir='ltr'><em>δὲ</em></span> <span class='ocrx_word' id='word_1_111' title='bbox 1341 1057 1580 1111; x_wconf 78' lang='grc' dir='ltr'><em>Βούλγαροι</em></span> <span class='ocrx_word' id='word_1_112' title='bbox 1610 1059 1736 1099; x_wconf 80' lang='grc' dir='ltr'><em>τοῦτο</em></span> 
     </span>
     <span class='ocr_line' id='line_1_15' title="bbox 287 1115 1739 1178; baseline 0.005 -20"><span class='ocrx_word' id='word_1_113' title='bbox 287 1116 498 1169; x_wconf 68' lang='grc' dir='ltr'><em>μαθόντες</em></span> <span class='ocrx_word' id='word_1_114' title='bbox 525 1118 583 1168; x_wconf 74' lang='grc' dir='ltr'><em>οὖς</em></span> <span class='ocrx_word' id='word_1_115' title='bbox 609 1115 699 1178; x_wconf 76' lang='grc' dir='ltr'><em>ἤχῳ</em></span> <span class='ocrx_word' id='word_1_116' title='bbox 726 1123 899 1176; x_wconf 79' lang='grc' dir='ltr'><em>βροντῆς</em></span> <span class='ocrx_word' id='word_1_117' title='bbox 927 1121 1227 1178; x_wconf 67' lang='grc' dir='ltr'><em>ὖπεκλίθησαν,</em></span> <span class='ocrx_word' id='word_1_118' title='bbox 1254 1123 1327 1163; x_wconf 84' lang='grc' dir='ltr'>καί</span> <span class='ocrx_word' id='word_1_119' title='bbox 1348 1121 1426 1178; x_wconf 82' lang='grc' dir='ltr'><em>πρὸ</em></span> <span class='ocrx_word' id='word_1_120' title='bbox 1454 1124 1536 1164; x_wconf 72' lang='grc' dir='ltr'><em>τῶν</em></span> <span class='ocrx_word' id='word_1_121' title='bbox 1564 1122 1739 1178; x_wconf 75' lang='grc' dir='ltr'><em>α’γώνων</em></span> 
     </span>
     <span class='ocr_line' id='line_1_16' title="bbox 289 1182 1794 1243; baseline 0.005 -20"><span class='ocrx_word' id='word_1_122' title='bbox 289 1182 362 1224; x_wconf 85' lang='grc' dir='ltr'><strong><em>καί</em></strong></span> <span class='ocrx_word' id='word_1_123' title='bbox 392 1185 465 1237; x_wconf 82' lang='grc' dir='ltr'><em>τῆς</em></span> <span class='ocrx_word' id='word_1_124' title='bbox 501 1183 640 1240; x_wconf 87' lang='grc' dir='ltr'><em>μα’χης</em></span> <span class='ocrx_word' id='word_1_125' title='bbox 683 1186 780 1240; x_wconf 77' lang='grc' dir='ltr'><em>περὶ</em></span> <span class='ocrx_word' id='word_1_126' title='bbox 818 1189 893 1242; x_wconf 84' lang='grc' dir='ltr'><em>τῆς</em></span> <span class='ocrx_word' id='word_1_127' title='bbox 926 1186 1040 1242; x_wconf 79' lang='grc' dir='ltr'><em>νίκης</em></span> <span class='ocrx_word' id='word_1_128' title='bbox 1079 1188 1351 1240; x_wconf 80' lang='grc' dir='ltr'><em>α’πέγνωσαν,</em></span> <span class='ocrx_word' id='word_1_129' title='bbox 1385 1189 1459 1230; x_wconf 81' lang='grc' dir='ltr'><em>καί</em></span> <span class='ocrx_word' id='word_1_130' title='bbox 1485 1186 1739 1243; x_wconf 73' lang='grc' dir='ltr'><em>Χριστιανοὶ</em></span> <span class='ocrx_word' id='word_1_131' title='bbox 1751 1194 1794 1230; x_wconf 88' lang='grc'><em>15</em></span> 
     </span>
     <span class='ocr_line' id='line_1_17' title="bbox 289 1250 1737 1311; baseline 0.005 -22"><span class='ocrx_word' id='word_1_132' title='bbox 289 1250 487 1302; x_wconf 75' lang='grc' dir='ltr'><em>γενέσθαι</em></span> <span class='ocrx_word' id='word_1_133' title='bbox 529 1253 602 1292; x_wconf 72' lang='grc' dir='ltr'><em>καί</em></span> <span class='ocrx_word' id='word_1_134' title='bbox 627 1250 948 1294; x_wconf 67' lang='grc' dir='ltr'><em>’ὑποτάττεσθαι</em></span> <span class='ocrx_word' id='word_1_135' title='bbox 988 1256 1045 1310; x_wconf 79' lang='grc' dir='ltr'><em>τῷ</em></span> <span class='ocrx_word' id='word_1_136' title='bbox 1085 1257 1255 1306; x_wconf 85' lang='grc' dir='ltr'><em>βασιλεῖ</em></span> <span class='ocrx_word' id='word_1_137' title='bbox 1287 1254 1360 1296; x_wconf 86' lang='grc' dir='ltr'>καί</span> <span class='ocrx_word' id='word_1_138' title='bbox 1380 1253 1607 1307; x_wconf 79' lang='grc' dir='ltr'><em>Ῥωμαίοις</em></span> <span class='ocrx_word' id='word_1_139' title='bbox 1631 1253 1737 1311; x_wconf 74' lang='grc' dir='ltr'><em>ᾐτή-</em></span> 
     </span>
     <span class='ocr_line' id='line_1_18' title="bbox 289 1313 1738 1373; baseline 0.006 -18"><span class='ocrx_word' id='word_1_140' title='bbox 289 1329 429 1356; x_wconf 90' lang='grc' dir='ltr'><em>σαντο.</em></span> <span class='ocrx_word' id='word_1_141' title='bbox 457 1313 478 1357; x_wconf 84' lang='grc' dir='ltr'><em>ὃ</em></span> <span class='ocrx_word' id='word_1_142' title='bbox 508 1318 554 1358; x_wconf 70' lang='grc' dir='ltr'><em>δὲ</em></span> <span class='ocrx_word' id='word_1_143' title='bbox 579 1316 782 1369; x_wconf 70' lang='grc' dir='ltr'><em>βασιλεύς</em></span> <span class='ocrx_word' id='word_1_144' title='bbox 813 1318 886 1360; x_wconf 83' lang='grc' dir='ltr'><em>τὸν</em></span> <span class='ocrx_word' id='word_1_145' title='bbox 914 1314 1099 1372; x_wconf 72' lang='grc' dir='ltr'><em>ἄρχοντα</em></span> <span class='ocrx_word' id='word_1_146' title='bbox 1128 1319 1255 1360; x_wconf 72' lang='grc' dir='ltr'><em>αὐτὸν</em></span> <span class='ocrx_word' id='word_1_147' title='bbox 1284 1321 1491 1373; x_wconf 85' lang='grc' dir='ltr'><em>βαπτίσας</em></span> <span class='ocrx_word' id='word_1_148' title='bbox 1519 1323 1592 1362; x_wconf 84' lang='grc' dir='ltr'>καί</span> <span class='ocrx_word' id='word_1_149' title='bbox 1617 1318 1738 1370; x_wconf 79' lang='grc' dir='ltr'><em>δέξά-</em></span> 
     </span>
     <span class='ocr_line' id='line_1_19' title="bbox 287 1379 1738 1441; baseline 0.005 -20"><span class='ocrx_word' id='word_1_150' title='bbox 287 1396 414 1432; x_wconf 89' lang='grc' dir='ltr'><em>μενος</em></span> <span class='ocrx_word' id='word_1_151' title='bbox 441 1383 696 1424; x_wconf 76' lang='grc' dir='ltr'><em>ἐπιτέθεικεν</em></span> <span class='ocrx_word' id='word_1_152' title='bbox 724 1379 837 1441; x_wconf 69' lang='grc' dir='ltr'><em>αὐτῷ</em></span> <span class='ocrx_word' id='word_1_153' title='bbox 864 1384 910 1427; x_wconf 74' lang='grc' dir='ltr'><em>τὸ</em></span> <span class='ocrx_word' id='word_1_154' title='bbox 949 1380 1093 1441; x_wconf 73' lang='grc' dir='ltr'><em>ὄνομα,</em></span> <span class='ocrx_word' id='word_1_155' title='bbox 1123 1383 1219 1434; x_wconf 74' lang='grc' dir='ltr'><em>τούς</em></span> <span class='ocrx_word' id='word_1_156' title='bbox 1248 1386 1294 1428; x_wconf 76' lang='grc' dir='ltr'><em>δὲ</em></span> <span class='ocrx_word' id='word_1_157' title='bbox 1310 1385 1579 1440; x_wconf 81' lang='grc' dir='ltr'><em>μεγιστάνους</em></span> <span class='ocrx_word' id='word_1_158' title='bbox 1607 1387 1738 1428; x_wconf 65' lang='grc' dir='ltr'><em>αὐτοῦ</em></span> 
     </span>
     <span class='ocr_line' id='line_1_20' title="bbox 289 1445 1738 1507; baseline 0.005 -20"><span class='ocrx_word' id='word_1_159' title='bbox 289 1448 334 1487; x_wconf 83' lang='grc' dir='ltr'><em>ἑν</em></span> <span class='ocrx_word' id='word_1_160' title='bbox 360 1448 411 1503; x_wconf 80' lang='grc' dir='ltr'><em>τῇ</em></span> <span class='ocrx_word' id='word_1_161' title='bbox 448 1445 567 1488; x_wconf 82' lang='grc' dir='ltr'><em>πόλει</em></span> <span class='ocrx_word' id='word_1_162' title='bbox 612 1449 844 1503; x_wconf 80' lang='grc' dir='ltr'><em>εἰσαγαγών</em></span> <span class='ocrx_word' id='word_1_163' title='bbox 869 1449 1091 1503; x_wconf 84' lang='grc' dir='ltr'><em>ἐβάπτισεν</em></span> <span class='ocrx_word' id='word_1_164' title='bbox 1135 1451 1303 1501; x_wconf 85' lang='grc' dir='ltr'><em>πάντας.</em></span> <span class='ocrx_word' id='word_1_165' title='bbox 1360 1450 1493 1494; x_wconf 80' lang='grc' dir='ltr'><em>ἔκτοτε</em></span> <span class='ocrx_word' id='word_1_166' title='bbox 1523 1453 1738 1507; x_wconf 84' lang='grc' dir='ltr'><em>γινομένης</em></span> 
     </span>
     <span class='ocr_line' id='line_1_21' title="bbox 289 1511 1793 1571; baseline 0.006 -19"><span class='ocrx_word' id='word_1_167' title='bbox 289 1511 453 1567; x_wconf 73' lang='grc' dir='ltr'><em>εἰρήνης</em></span> <span class='ocrx_word' id='word_1_168' title='bbox 482 1515 658 1566; x_wconf 73' lang='grc' dir='ltr'><em>βαθείας</em></span> <span class='ocrx_word' id='word_1_169' title='bbox 689 1515 760 1556; x_wconf 77' lang='grc' dir='ltr'><em>τὸν</em></span> <span class='ocrx_word' id='word_1_170' title='bbox 788 1517 914 1571; x_wconf 79' lang='grc' dir='ltr'><em>Ἀμὲρ</em></span> <span class='ocrx_word' id='word_1_171' title='bbox 945 1517 1071 1558; x_wconf 85' lang='grc' dir='ltr'><em>πάλιν</em></span> <span class='ocrx_word' id='word_1_172' title='bbox 1102 1516 1323 1568; x_wconf 77' lang='grc' dir='ltr'><em>ἐξελθόντα</em></span> <span class='ocrx_word' id='word_1_173' title='bbox 1352 1516 1455 1560; x_wconf 76' lang='grc' dir='ltr'><em>κατὰ</em></span> <span class='ocrx_word' id='word_1_174' title='bbox 1481 1518 1732 1569; x_wconf 86' lang='grc' dir='ltr'><em>Ῥωμανιάς,</em></span> <span class='ocrx_word' id='word_1_175' title='bbox 1747 1530 1793 1565; x_wconf 85' lang='lat'><em>20</em></span> 
     </span>
     <span class='ocr_line' id='line_1_22' title="bbox 293 1576 1736 1638; baseline 0.005 -19"><span class='ocrx_word' id='word_1_176' title='bbox 293 1579 574 1634; x_wconf 81' lang='grc' dir='ltr'><em>στρατηλάτης</em></span> <span class='ocrx_word' id='word_1_177' title='bbox 615 1576 673 1621; x_wconf 74' lang='grc' dir='ltr'><em>ὦν</em></span> <span class='ocrx_word' id='word_1_178' title='bbox 714 1584 785 1635; x_wconf 80' lang='grc' dir='ltr'><em>τῆς</em></span> <span class='ocrx_word' id='word_1_179' title='bbox 826 1584 1031 1636; x_wconf 78' lang='grc' dir='ltr'><em>α’νατολῆς</em></span> <span class='ocrx_word' id='word_1_180' title='bbox 1069 1586 1302 1637; x_wconf 82' lang='grc' dir='ltr'><em>Πετρωνᾶς</em></span> <span class='ocrx_word' id='word_1_181' title='bbox 1346 1586 1419 1625; x_wconf 84' lang='grc' dir='ltr'>καί</span> <span class='ocrx_word' id='word_1_182' title='bbox 1462 1584 1615 1638; x_wconf 81' lang='grc' dir='ltr'><em>Νάσαρ</em></span> <span class='ocrx_word' id='word_1_183' title='bbox 1654 1587 1736 1626; x_wconf 74' lang='grc' dir='ltr'><em>τῶν</em></span> 
     </span>
     <span class='ocr_line' id='line_1_23' title="bbox 293 1646 1735 1705; baseline 0.003 -20"><span class='ocrx_word' id='word_1_184' title='bbox 293 1646 636 1699; x_wconf 75' lang='grc' dir='ltr'><em>Βουκελλαρίων,</em></span> <span class='ocrx_word' id='word_1_185' title='bbox 668 1647 920 1701; x_wconf 82' lang='grc' dir='ltr'><em>λοχήσαντες</em></span> <span class='ocrx_word' id='word_1_186' title='bbox 963 1647 1039 1701; x_wconf 70' lang='grc' dir='ltr'><em>τήν</em></span> <span class='ocrx_word' id='word_1_187' title='bbox 1067 1646 1166 1690; x_wconf 78' lang='grc' dir='ltr'><em>ὁδὸν</em></span> <span class='ocrx_word' id='word_1_188' title='bbox 1193 1651 1266 1703; x_wconf 74' lang='grc' dir='ltr'><em>τῆς</em></span> <span class='ocrx_word' id='word_1_189' title='bbox 1294 1648 1560 1705; x_wconf 77' lang='grc' dir='ltr'><em>ὑποστροφῆς</em></span> <span class='ocrx_word' id='word_1_190' title='bbox 1589 1648 1735 1702; x_wconf 74' lang='grc' dir='ltr'><em>αὐτοῦ,</em></span> 
     </span>
    </p>

    <p class='ocr_par' dir='ltr' id='par_1_6' title="bbox 250 1713 1734 1771">
     <span class='ocr_line' id='line_1_24' title="bbox 250 1713 1734 1771; baseline 0 -17"><span class='ocrx_word' id='word_1_191' title='bbox 250 1713 551 1754; x_wconf 78' lang='grc' dir='ltr'><em>Βσυναντῶσιν</em></span> <span class='ocrx_word' id='word_1_192' title='bbox 579 1713 697 1770; x_wconf 72' lang='grc' dir='ltr'><em>αὐτῷ</em></span> <span class='ocrx_word' id='word_1_193' title='bbox 726 1715 786 1763; x_wconf 85' lang='grc' dir='ltr'><em>εἰς</em></span> <span class='ocrx_word' id='word_1_194' title='bbox 811 1713 884 1755; x_wconf 86' lang='grc' dir='ltr'><em>τὸν</em></span> <span class='ocrx_word' id='word_1_195' title='bbox 904 1713 1192 1766; x_wconf 80' lang='grc' dir='ltr'><em>Λαλακάωνα,</em></span> <span class='ocrx_word' id='word_1_196' title='bbox 1226 1714 1298 1757; x_wconf 83' lang='grc' dir='ltr'><strong><em>καί</em></strong></span> <span class='ocrx_word' id='word_1_197' title='bbox 1325 1716 1536 1771; x_wconf 83' lang='grc' dir='ltr'><em>συμβολῆς</em></span> <span class='ocrx_word' id='word_1_198' title='bbox 1562 1716 1734 1770; x_wconf 78' lang='grc' dir='ltr'><em>γενομέ-</em></span> 
     </span>
    </p>
   </div>
   <div class='ocr_carea' id='block_1_3' title="bbox 290 1883 1731 2779">
    <p class='ocr_par' dir='ltr' id='par_1_7' title="bbox 290 1883 1731 2262">
     <span class='ocr_line' id='line_1_25' title="bbox 290 1883 1731 1932; baseline 0.003 -17"><span class='ocrx_word' id='word_1_199' title='bbox 290 1883 343 1916; x_wconf 84' lang='lat' dir='ltr'><em>vis</em></span> <span class='ocrx_word' id='word_1_200' title='bbox 364 1894 382 1916; x_wconf 87' lang='lat' dir='ltr'><strong>e</strong></span> <span class='ocrx_word' id='word_1_201' title='bbox 409 1884 509 1917; x_wconf 86' lang='lat' dir='ltr'><strong>caelo</strong></span> <span class='ocrx_word' id='word_1_202' title='bbox 531 1884 681 1926; x_wconf 76' lang='lat' dir='ltr'><strong>decidit,</strong></span> <span class='ocrx_word' id='word_1_203' title='bbox 711 1891 746 1919; x_wconf 89' lang='lat' dir='ltr'><em>et</em></span> <span class='ocrx_word' id='word_1_204' title='bbox 781 1887 819 1919; x_wconf 87' lang='lat' dir='ltr'><em>in</em></span> <span class='ocrx_word' id='word_1_205' title='bbox 842 1891 1015 1920; x_wconf 81' lang='lat' dir='ltr'><strong>tectorum</strong></span> <span class='ocrx_word' id='word_1_206' title='bbox 1045 1888 1181 1932; x_wconf 76' lang='lat' dir='ltr'><em>tegulas</em></span> <span class='ocrx_word' id='word_1_207' title='bbox 1215 1888 1408 1932; x_wconf 82' lang='lat' dir='ltr'><strong>sanguineo</strong></span> <span class='ocrx_word' id='word_1_208' title='bbox 1434 1887 1554 1921; x_wconf 82' lang='lat' dir='ltr'><strong>colore</strong></span> <span class='ocrx_word' id='word_1_209' title='bbox 1577 1887 1731 1921; x_wconf 82' lang='lat' dir='ltr'><em>infectus</em></span> 
     </span>
     <span class='ocr_line' id='line_1_26' title="bbox 292 1931 1728 1981; baseline 0.003 -19"><span class='ocrx_word' id='word_1_210' title='bbox 292 1931 451 1975; x_wconf 81' lang='lat' dir='ltr'><em>dilapsus</em></span> <span class='ocrx_word' id='word_1_211' title='bbox 478 1937 541 1964; x_wconf 84' lang='lat' dir='ltr'><em>est.</em></span> <span class='ocrx_word' id='word_1_212' title='bbox 591 1933 710 1977; x_wconf 85' lang='lat' dir='ltr'><strong>plures</strong></span> <span class='ocrx_word' id='word_1_213' title='bbox 739 1933 776 1965; x_wconf 86' lang='lat' dir='ltr'><em>in</em></span> <span class='ocrx_word' id='word_1_214' title='bbox 797 1934 863 1966; x_wconf 85' lang='lat' dir='ltr'><em>viis</em></span> <span class='ocrx_word' id='word_1_215' title='bbox 890 1940 925 1967; x_wconf 86' lang='lat' dir='ltr'><em>et</em></span> <span class='ocrx_word' id='word_1_216' title='bbox 956 1934 1068 1968; x_wconf 84' lang='lat' dir='ltr'><em>hortis</em></span> <span class='ocrx_word' id='word_1_217' title='bbox 1094 1934 1232 1981; x_wconf 83' lang='lat' dir='ltr'><em>lapides</em></span> <span class='ocrx_word' id='word_1_218' title='bbox 1260 1935 1438 1979; x_wconf 83' lang='lat' dir='ltr'>sanguinis</span> <span class='ocrx_word' id='word_1_219' title='bbox 1467 1936 1578 1968; x_wconf 83' lang='lat' dir='ltr'><em>instar</em></span> <span class='ocrx_word' id='word_1_220' title='bbox 1604 1935 1728 1967; x_wconf 78' lang='lat' dir='ltr'><strong>rubros</strong></span> 
     </span>
     <span class='ocr_line' id='line_1_27' title="bbox 292 1979 1730 2025; baseline 0.003 -16"><span class='ocrx_word' id='word_1_221' title='bbox 292 1984 515 2023; x_wconf 75' lang='lat' dir='ltr'><strong>repererunt.</strong></span> <span class='ocrx_word' id='word_1_222' title='bbox 566 1979 718 2012; x_wconf 83' lang='lat' dir='ltr'><strong>Michael</strong></span> <span class='ocrx_word' id='word_1_223' title='bbox 743 1985 860 2013; x_wconf 84' lang='lat' dir='ltr'><strong>autem</strong></span> <span class='ocrx_word' id='word_1_224' title='bbox 874 1981 1092 2025; x_wconf 85' lang='lat' dir='ltr'><strong>Antigonum</strong></span> <span class='ocrx_word' id='word_1_225' title='bbox 1116 1981 1249 2015; x_wconf 83' lang='lat' dir='ltr'><strong>Bardae</strong></span> <span class='ocrx_word' id='word_1_226' title='bbox 1274 1983 1385 2014; x_wconf 84' lang='lat' dir='ltr'><strong>filium</strong></span> <span class='ocrx_word' id='word_1_227' title='bbox 1410 1987 1505 2014; x_wconf 84' lang='lat' dir='ltr'><strong>creat</strong></span> <span class='ocrx_word' id='word_1_228' title='bbox 1530 1981 1730 2015; x_wconf 79' lang='lat' dir='ltr'><strong>scholarum</strong></span> 
     </span>
     <span class='ocr_line' id='line_1_28' title="bbox 292 2025 1730 2073; baseline 0.003 -17"><span class='ocrx_word' id='word_1_229' title='bbox 292 2025 548 2058; x_wconf 82' lang='lat' dir='ltr'><em>domesticum:</em></span> <span class='ocrx_word' id='word_1_230' title='bbox 577 2026 681 2058; x_wconf 85' lang='lat' dir='ltr'><em>alteri</em></span> <span class='ocrx_word' id='word_1_231' title='bbox 707 2038 788 2060; x_wconf 84' lang='lat' dir='ltr'><strong>vero</strong></span> <span class='ocrx_word' id='word_1_232' title='bbox 818 2029 890 2060; x_wconf 84' lang='lat' dir='ltr'><strong>filio</strong></span> <span class='ocrx_word' id='word_1_233' title='bbox 917 2029 1031 2062; x_wconf 85' lang='lat' dir='ltr'><strong>locata</strong></span> <span class='ocrx_word' id='word_1_234' title='bbox 1055 2030 1218 2073; x_wconf 76' lang='lat' dir='ltr'><strong>coniuge,</strong></span> <span class='ocrx_word' id='word_1_235' title='bbox 1251 2030 1352 2061; x_wconf 86' lang='lat' dir='ltr'><strong>cuius</strong></span> <span class='ocrx_word' id='word_1_236' title='bbox 1376 2029 1520 2061; x_wconf 85' lang='lat' dir='ltr'><strong>nomine</strong></span> <span class='ocrx_word' id='word_1_237' title='bbox 1547 2029 1638 2061; x_wconf 85' lang='lat' dir='ltr'><strong>male</strong></span> <span class='ocrx_word' id='word_1_238' title='bbox 1662 2039 1730 2060; x_wconf 82' lang='lat' dir='ltr'><em>au·</em></span> 
     </span>
     <span class='ocr_line' id='line_1_29' title="bbox 293 2071 1729 2119; baseline 0.003 -16"><span class='ocrx_word' id='word_1_239' title='bbox 293 2071 440 2113; x_wconf 86' lang='lat' dir='ltr'><strong>diebat,</strong></span> <span class='ocrx_word' id='word_1_240' title='bbox 470 2073 627 2117; x_wconf 83' lang='lat' dir='ltr'>supremi</span> <span class='ocrx_word' id='word_1_241' title='bbox 662 2073 759 2106; x_wconf 88' lang='lat' dir='ltr'><em>ducis</em></span> <span class='ocrx_word' id='word_1_242' title='bbox 803 2074 841 2107; x_wconf 86' lang='lat' dir='ltr'><em>in</em></span> <span class='ocrx_word' id='word_1_243' title='bbox 868 2075 1111 2109; x_wconf 82' lang='lat' dir='ltr'><em>Occidentalia</em></span> <span class='ocrx_word' id='word_1_244' title='bbox 1145 2078 1299 2109; x_wconf 81' lang='lat' dir='ltr'><em>themata</em></span> <span class='ocrx_word' id='word_1_245' title='bbox 1337 2075 1542 2119; x_wconf 76' lang='lat' dir='ltr'><strong>dignitatem</strong></span> <span class='ocrx_word' id='word_1_246' title='bbox 1570 2075 1729 2108; x_wconf 82' lang='lat' dir='ltr'><strong>confert:</strong></span> 
     </span>
     <span class='ocr_line' id='line_1_30' title="bbox 293 2119 1730 2168; baseline 0.003 -18"><span class='ocrx_word' id='word_1_247' title='bbox 293 2119 355 2164; x_wconf 89' lang='lat' dir='ltr'><em>qui</em></span> <span class='ocrx_word' id='word_1_248' title='bbox 383 2119 487 2152; x_wconf 79' lang='lat' dir='ltr'><em>etiam</em></span> <span class='ocrx_word' id='word_1_249' title='bbox 516 2120 566 2152; x_wconf 88' lang='lat' dir='ltr'><em>ibi</em></span> <span class='ocrx_word' id='word_1_250' title='bbox 593 2121 702 2152; x_wconf 83' lang='lat' dir='ltr'><strong>vitam</strong></span> <span class='ocrx_word' id='word_1_251' title='bbox 732 2121 837 2155; x_wconf 80' lang='lat' dir='ltr'><em>finiit.</em></span> <span class='ocrx_word' id='word_1_252' title='bbox 886 2122 1023 2155; x_wconf 86' lang='lat' dir='ltr'><strong>modico</strong></span> <span class='ocrx_word' id='word_1_253' title='bbox 1051 2129 1157 2168; x_wconf 86' lang='lat' dir='ltr'><strong>post,</strong></span> <span class='ocrx_word' id='word_1_254' title='bbox 1186 2123 1271 2155; x_wconf 78' lang='lat' dir='ltr'><em>feria</em></span> <span class='ocrx_word' id='word_1_255' title='bbox 1298 2123 1473 2167; x_wconf 81' lang='lat' dir='ltr'><em>paschatis</em></span> <span class='ocrx_word' id='word_1_256' title='bbox 1498 2128 1634 2167; x_wconf 80' lang='lat' dir='ltr'><em>quarta,</em></span> <span class='ocrx_word' id='word_1_257' title='bbox 1661 2122 1730 2154; x_wconf 80' lang='lat' dir='ltr'><em>Mi-</em></span> 
     </span>
     <span class='ocr_line' id='line_1_31' title="bbox 292 2165 1725 2215; baseline 0.002 -17"><span class='ocrx_word' id='word_1_258' title='bbox 292 2165 391 2198; x_wconf 82' lang='lat' dir='ltr'><strong>chael</strong></span> <span class='ocrx_word' id='word_1_259' title='bbox 421 2165 567 2198; x_wconf 82' lang='lat' dir='ltr'><strong>Bardam</strong></span> <span class='ocrx_word' id='word_1_260' title='bbox 593 2169 803 2200; x_wconf 79' lang='lat' dir='ltr'><strong>avunculum</strong></span> <span class='ocrx_word' id='word_1_261' title='bbox 829 2175 1014 2213; x_wconf 80' lang='lat' dir='ltr'><strong>promovet</strong></span> <span class='ocrx_word' id='word_1_262' title='bbox 1037 2171 1242 2212; x_wconf 56' lang='lat' dir='ltr'><em>Caesarem</em></span> <span class='ocrx_word' id='word_1_263' title='bbox 1271 2170 1333 2215; x_wconf 86' lang='lat' dir='ltr'><em>qui</em></span> <span class='ocrx_word' id='word_1_264' title='bbox 1358 2180 1459 2201; x_wconf 88' lang='lat' dir='ltr'><strong>curru</strong></span> <span class='ocrx_word' id='word_1_265' title='bbox 1485 2181 1549 2214; x_wconf 80' lang='lat' dir='ltr'><em>per</em></span> <span class='ocrx_word' id='word_1_266' title='bbox 1572 2168 1725 2202; x_wconf 83' lang='lat' dir='ltr'><strong>mediam</strong></span> 
     </span>
     <span class='ocr_line' id='line_1_32' title="bbox 293 2212 1149 2262; baseline 0.006 -18"><span class='ocrx_word' id='word_1_267' title='bbox 293 2212 416 2245; x_wconf 79' lang='lat' dir='ltr'><strong>urbem</strong></span> <span class='ocrx_word' id='word_1_268' title='bbox 441 2219 559 2246; x_wconf 81' lang='lat' dir='ltr'><em>vectus</em></span> <span class='ocrx_word' id='word_1_269' title='bbox 584 2225 730 2247; x_wconf 81' lang='lat' dir='ltr'><strong>munera</strong></span> <span class='ocrx_word' id='word_1_270' title='bbox 756 2216 882 2260; x_wconf 81' lang='lat' dir='ltr'><em>sparsit</em></span> <span class='ocrx_word' id='word_1_271' title='bbox 905 2217 942 2249; x_wconf 87' lang='lat' dir='ltr'><em>in</em></span> <span class='ocrx_word' id='word_1_272' title='bbox 967 2217 1149 2262; x_wconf 86' lang='lat' dir='ltr'><strong>populum.</strong></span> 
     </span>
    </p>

    <p class='ocr_par' dir='ltr' id='par_1_8' title="bbox 292 2259 1730 2779">
     <span class='ocr_line' id='line_1_33' title="bbox 387 2259 1728 2308; baseline 0.002 -17"><span class='ocrx_word' id='word_1_273' title='bbox 387 2259 552 2303; x_wconf 83' lang='lat' dir='ltr'><strong>Egressus</strong></span> <span class='ocrx_word' id='word_1_274' title='bbox 584 2266 702 2294; x_wconf 86' lang='lat' dir='ltr'><strong>autem</strong></span> <span class='ocrx_word' id='word_1_275' title='bbox 736 2263 993 2296; x_wconf 77' lang='lat' dir='ltr'><strong>Saracenorum</strong></span> <span class='ocrx_word' id='word_1_276' title='bbox 1031 2275 1164 2297; x_wconf 75' lang='lat' dir='ltr'><strong>amerus</strong></span> <span class='ocrx_word' id='word_1_277' title='bbox 1199 2264 1366 2308; x_wconf 81' lang='lat' dir='ltr'><strong>Sinopem</strong></span> <span class='ocrx_word' id='word_1_278' title='bbox 1394 2273 1507 2308; x_wconf 81' lang='lat' dir='ltr'><strong>usque</strong></span> <span class='ocrx_word' id='word_1_279' title='bbox 1533 2261 1728 2302; x_wconf 84' lang='lat' dir='ltr'><em>descendit,</em></span> 
     </span>
     <span class='ocr_line' id='line_1_34' title="bbox 294 2307 1729 2352; baseline 0.001 -12"><span class='ocrx_word' id='word_1_280' title='bbox 294 2307 486 2340; x_wconf 83' lang='lat' dir='ltr'><strong>Romanam</strong></span> <span class='ocrx_word' id='word_1_281' title='bbox 525 2319 662 2340; x_wconf 87' lang='lat' dir='ltr'><strong>omnem</strong></span> <span class='ocrx_word' id='word_1_282' title='bbox 696 2310 875 2352; x_wconf 83' lang='lat' dir='ltr'><strong>regionem</strong></span> <span class='ocrx_word' id='word_1_283' title='bbox 909 2316 1061 2343; x_wconf 80' lang='lat' dir='ltr'><em>vastans.</em></span> <span class='ocrx_word' id='word_1_284' title='bbox 1121 2310 1271 2343; x_wconf 87' lang='lat' dir='ltr'><strong>Michael</strong></span> <span class='ocrx_word' id='word_1_285' title='bbox 1308 2321 1390 2342; x_wconf 86' lang='lat' dir='ltr'><strong>vero</strong></span> <span class='ocrx_word' id='word_1_286' title='bbox 1420 2321 1489 2342; x_wconf 83' lang='lat' dir='ltr'><em>una</em></span> <span class='ocrx_word' id='word_1_287' title='bbox 1514 2320 1590 2341; x_wconf 87' lang='lat' dir='ltr'><em>cum</em></span> <span class='ocrx_word' id='word_1_288' title='bbox 1618 2307 1729 2342; x_wconf 84' lang='lat' dir='ltr'><strong>Barda</strong></span> 
     </span>
     <span class='ocr_line' id='line_1_35' title="bbox 294 2352 1730 2401; baseline 0.003 -17"><span class='ocrx_word' id='word_1_289' title='bbox 294 2352 444 2386; x_wconf 83' lang='lat' dir='ltr'>Caesare</span> <span class='ocrx_word' id='word_1_290' title='bbox 463 2353 630 2388; x_wconf 83' lang='lat' dir='ltr'><em>adversus</em></span> <span class='ocrx_word' id='word_1_291' title='bbox 645 2355 855 2389; x_wconf 82' lang='lat' dir='ltr'><strong>Michaelem</strong></span> <span class='ocrx_word' id='word_1_292' title='bbox 887 2357 1050 2398; x_wconf 81' lang='lat' dir='ltr'><em>alterum,</em></span> <span class='ocrx_word' id='word_1_293' title='bbox 1076 2357 1256 2400; x_wconf 81' lang='lat' dir='ltr'><strong>Bulgariae</strong></span> <span class='ocrx_word' id='word_1_294' title='bbox 1280 2357 1492 2401; x_wconf 81' lang='lat' dir='ltr'>principem,</span> <span class='ocrx_word' id='word_1_295' title='bbox 1518 2356 1730 2389; x_wconf 80' lang='lat' dir='ltr'><em>instructum</em></span> 
     </span>
     <span class='ocr_line' id='line_1_36' title="bbox 294 2401 1729 2450; baseline 0.001 -18"><span class='ocrx_word' id='word_1_296' title='bbox 294 2401 488 2434; x_wconf 78' lang='lat' dir='ltr'><em>exercitum</em></span> <span class='ocrx_word' id='word_1_297' title='bbox 511 2406 602 2435; x_wconf 83' lang='lat' dir='ltr'><strong>terra</strong></span> <span class='ocrx_word' id='word_1_298' title='bbox 628 2403 787 2448; x_wconf 83' lang='lat' dir='ltr'><strong>marique</strong></span> <span class='ocrx_word' id='word_1_299' title='bbox 822 2409 950 2444; x_wconf 84' lang='lat' dir='ltr'><strong>movet,</strong></span> <span class='ocrx_word' id='word_1_300' title='bbox 978 2403 1075 2450; x_wconf 86' lang='lat' dir='ltr'><strong>quod</strong></span> <span class='ocrx_word' id='word_1_301' title='bbox 1103 2405 1328 2447; x_wconf 83' lang='lat' dir='ltr'><strong>Bulgarorum</strong></span> <span class='ocrx_word' id='word_1_302' title='bbox 1354 2409 1492 2447; x_wconf 84' lang='lat' dir='ltr'><strong>gentem</strong></span> <span class='ocrx_word' id='word_1_303' title='bbox 1518 2403 1611 2435; x_wconf 82' lang='lat' dir='ltr'><strong>fame</strong></span> <span class='ocrx_word' id='word_1_304' title='bbox 1639 2401 1729 2435; x_wconf 85' lang='lat' dir='ltr'><em>defi-</em></span> 
     </span>
     <span class='ocr_line' id='line_1_37' title="bbox 293 2446 1730 2496; baseline 0.002 -18"><span class='ocrx_word' id='word_1_305' title='bbox 293 2458 373 2479; x_wconf 83' lang='lat' dir='ltr'><strong>cere</strong></span> <span class='ocrx_word' id='word_1_306' title='bbox 398 2446 589 2481; x_wconf 77' lang='lat' dir='ltr'>didicisset.</span> <span class='ocrx_word' id='word_1_307' title='bbox 619 2449 755 2493; x_wconf 78' lang='lat' dir='ltr'><em>Bulgnri</em></span> <span class='ocrx_word' id='word_1_308' title='bbox 781 2451 882 2496; x_wconf 80' lang='lat' dir='ltr'><strong>quasi</strong></span> <span class='ocrx_word' id='word_1_309' title='bbox 906 2451 1056 2484; x_wconf 87' lang='lat' dir='ltr'><em>tonitrui</em></span> <span class='ocrx_word' id='word_1_310' title='bbox 1080 2452 1196 2484; x_wconf 83' lang='lat' dir='ltr'><strong>sonitu</strong></span> <span class='ocrx_word' id='word_1_311' title='bbox 1223 2451 1379 2495; x_wconf 84' lang='lat' dir='ltr'><strong>percussi</strong></span> <span class='ocrx_word' id='word_1_312' title='bbox 1403 2449 1511 2483; x_wconf 86' lang='lat' dir='ltr'><strong>soluti</strong></span> <span class='ocrx_word' id='word_1_313' title='bbox 1537 2455 1621 2482; x_wconf 85' lang='lat' dir='ltr'><em>sunt</em></span> <span class='ocrx_word' id='word_1_314' title='bbox 1646 2449 1730 2481; x_wconf 85' lang='lat' dir='ltr'><strong>ani-</strong></span> 
     </span>
     <span class='ocr_line' id='line_1_38' title="bbox 292 2495 1728 2543; baseline 0.002 -18"><span class='ocrx_word' id='word_1_315' title='bbox 292 2495 371 2534; x_wconf 85' lang='lat' dir='ltr'><em>mis,</em></span> <span class='ocrx_word' id='word_1_316' title='bbox 400 2501 436 2527; x_wconf 89' lang='lat' dir='ltr'><em>et</em></span> <span class='ocrx_word' id='word_1_317' title='bbox 463 2501 545 2529; x_wconf 86' lang='lat' dir='ltr'><em>ante</em></span> <span class='ocrx_word' id='word_1_318' title='bbox 573 2502 749 2529; x_wconf 84' lang='lat' dir='ltr'><em>certamen</em></span> <span class='ocrx_word' id='word_1_319' title='bbox 770 2497 1045 2543; x_wconf 88' lang='lat' dir='ltr'><strong>conflictumque</strong></span> <span class='ocrx_word' id='word_1_320' title='bbox 1073 2509 1209 2530; x_wconf 86' lang='lat' dir='ltr'><strong>omnem</strong></span> <span class='ocrx_word' id='word_1_321' title='bbox 1243 2497 1287 2530; x_wconf 88' lang='lat' dir='ltr'><em>de</em></span> <span class='ocrx_word' id='word_1_322' title='bbox 1312 2497 1461 2530; x_wconf 81' lang='lat' dir='ltr'><em>victoria</em></span> <span class='ocrx_word' id='word_1_323' title='bbox 1487 2496 1728 2542; x_wconf 81' lang='lat' dir='ltr'><strong>desperantes,</strong></span> 
     </span>
     <span class='ocr_line' id='line_1_39' title="bbox 293 2540 1727 2589; baseline 0.001 -17"><span class='ocrx_word' id='word_1_324' title='bbox 293 2540 513 2576; x_wconf 76' lang='lat' dir='ltr'><em>Christianos</em></span> <span class='ocrx_word' id='word_1_325' title='bbox 539 2554 575 2575; x_wconf 86' lang='lat' dir='ltr'><em>se</em></span> <span class='ocrx_word' id='word_1_326' title='bbox 599 2543 735 2576; x_wconf 80' lang='lat' dir='ltr'><em>futuros</em></span> <span class='ocrx_word' id='word_1_327' title='bbox 761 2550 797 2576; x_wconf 86' lang='lat' dir='ltr'><em>et</em></span> <span class='ocrx_word' id='word_1_328' title='bbox 825 2545 1027 2589; x_wconf 83' lang='lat' dir='ltr'><strong>imperatori</strong></span> <span class='ocrx_word' id='word_1_329' title='bbox 1065 2545 1301 2589; x_wconf 81' lang='lat' dir='ltr'><strong>Romanisque</strong></span> <span class='ocrx_word' id='word_1_330' title='bbox 1326 2544 1564 2588; x_wconf 82' lang='lat' dir='ltr'><strong>obsequentes</strong></span> <span class='ocrx_word' id='word_1_331' title='bbox 1590 2542 1727 2588; x_wconf 83' lang='lat' dir='ltr'><strong>promi-</strong></span> 
     </span>
     <span class='ocr_line' id='line_1_40' title="bbox 294 2589 1727 2637; baseline 0.001 -19"><span class='ocrx_word' id='word_1_332' title='bbox 294 2594 427 2621; x_wconf 81' lang='lat' dir='ltr'><strong>serunt.</strong></span> <span class='ocrx_word' id='word_1_333' title='bbox 477 2590 669 2634; x_wconf 79' lang='lat' dir='ltr'><strong>imperator</strong></span> <span class='ocrx_word' id='word_1_334' title='bbox 701 2590 900 2635; x_wconf 80' lang='lat' dir='ltr'><strong>principem</strong></span> <span class='ocrx_word' id='word_1_335' title='bbox 939 2603 1060 2624; x_wconf 86' lang='lat' dir='ltr'><strong>eorum</strong></span> <span class='ocrx_word' id='word_1_336' title='bbox 1092 2603 1183 2637; x_wconf 80' lang='lat' dir='ltr'><strong>aqua</strong></span> <span class='ocrx_word' id='word_1_337' title='bbox 1212 2592 1360 2624; x_wconf 81' lang='lat' dir='ltr'><em>tinctum</em></span> <span class='ocrx_word' id='word_1_338' title='bbox 1394 2601 1490 2623; x_wconf 76' lang='lat' dir='ltr'><strong>sacra</strong></span> <span class='ocrx_word' id='word_1_339' title='bbox 1518 2589 1727 2635; x_wconf 81' lang='lat' dir='ltr'><em>suscipiens,</em></span> 
     </span>
     <span class='ocr_line' id='line_1_41' title="bbox 294 2634 1726 2684; baseline 0.002 -20"><span class='ocrx_word' id='word_1_340' title='bbox 294 2635 476 2677; x_wconf 81' lang='lat' dir='ltr'><strong>proprium</strong></span> <span class='ocrx_word' id='word_1_341' title='bbox 509 2638 542 2668; x_wconf 85' lang='lat' dir='ltr'><em>ei</em></span> <span class='ocrx_word' id='word_1_342' title='bbox 569 2647 699 2669; x_wconf 86' lang='lat' dir='ltr'><strong>nomen</strong></span> <span class='ocrx_word' id='word_1_343' title='bbox 725 2637 868 2678; x_wconf 82' lang='lat' dir='ltr'><em>indidit,</em></span> <span class='ocrx_word' id='word_1_344' title='bbox 897 2644 933 2671; x_wconf 83' lang='lat' dir='ltr'><em>et</em></span> <span class='ocrx_word' id='word_1_345' title='bbox 956 2649 1119 2684; x_wconf 84' lang='lat' dir='ltr'><strong>proceres</strong></span> <span class='ocrx_word' id='word_1_346' title='bbox 1154 2640 1227 2671; x_wconf 80' lang='lat' dir='ltr'><em>eius</em></span> <span class='ocrx_word' id='word_1_347' title='bbox 1257 2648 1378 2670; x_wconf 85' lang='lat' dir='ltr'><strong>omnes</strong></span> <span class='ocrx_word' id='word_1_348' title='bbox 1405 2638 1442 2670; x_wconf 91' lang='lat' dir='ltr'><em>in</em></span> <span class='ocrx_word' id='word_1_349' title='bbox 1470 2636 1592 2669; x_wconf 86' lang='lat' dir='ltr'><strong>urbem</strong></span> <span class='ocrx_word' id='word_1_350' title='bbox 1617 2634 1726 2667; x_wconf 83' lang='lat' dir='ltr'><strong>indu-</strong></span> 
     </span>
     <span class='ocr_line' id='line_1_42' title="bbox 295 2681 1725 2730; baseline 0.002 -19"><span class='ocrx_word' id='word_1_351' title='bbox 295 2686 368 2712; x_wconf 62' lang='lat' dir='ltr'><strong>ctos</strong></span> <span class='ocrx_word' id='word_1_352' title='bbox 397 2681 607 2727; x_wconf 81' lang='lat' dir='ltr'><em>baptismate</em></span> <span class='ocrx_word' id='word_1_353' title='bbox 643 2684 782 2716; x_wconf 75' lang='lat' dir='ltr'><em>lustrari</em></span> <span class='ocrx_word' id='word_1_354' title='bbox 825 2686 970 2718; x_wconf 84' lang='lat' dir='ltr'><em>curavit.</em></span> <span class='ocrx_word' id='word_1_355' title='bbox 1029 2684 1156 2718; x_wconf 71' lang='lat' dir='ltr'><em>exinde</em></span> <span class='ocrx_word' id='word_1_356' title='bbox 1198 2696 1285 2730; x_wconf 78' lang='lat' dir='ltr'><strong>pace</strong></span> <span class='ocrx_word' id='word_1_357' title='bbox 1325 2683 1506 2728; x_wconf 86' lang='lat' dir='ltr'><strong>profunda</strong></span> <span class='ocrx_word' id='word_1_358' title='bbox 1530 2681 1725 2727; x_wconf 83' lang='lat' dir='ltr'><strong>composita</strong></span> 
     </span>
     <span class='ocr_line' id='line_1_43' title="bbox 294 2730 1727 2779; baseline 0.002 -21"><span class='ocrx_word' id='word_1_359' title='bbox 294 2736 428 2761; x_wconf 66' lang='lat' dir='ltr'><strong>amerus</strong></span> <span class='ocrx_word' id='word_1_360' title='bbox 452 2730 487 2762; x_wconf 87' lang='lat' dir='ltr'><em>in</em></span> <span class='ocrx_word' id='word_1_361' title='bbox 513 2731 718 2763; x_wconf 78' lang='lat' dir='ltr'><strong>Romaniam</strong></span> <span class='ocrx_word' id='word_1_362' title='bbox 745 2732 875 2775; x_wconf 79' lang='lat' dir='ltr'><strong>movit3</strong></span> <span class='ocrx_word' id='word_1_363' title='bbox 901 2733 1007 2779; x_wconf 85' lang='lat' dir='ltr'><strong>eique</strong></span> <span class='ocrx_word' id='word_1_364' title='bbox 1030 2732 1222 2767; x_wconf 81' lang='lat' dir='ltr'><em>Orientalis</em></span> <span class='ocrx_word' id='word_1_365' title='bbox 1247 2731 1396 2765; x_wconf 84' lang='lat' dir='ltr'><em>militiae</em></span> <span class='ocrx_word' id='word_1_366' title='bbox 1413 2731 1580 2775; x_wconf 81' lang='lat' dir='ltr'><em>magister</em></span> <span class='ocrx_word' id='word_1_367' title='bbox 1603 2730 1727 2763; x_wconf 81' lang='lat' dir='ltr'><strong>Petro-</strong></span> 
     </span>
    </p>
   </div>
  </div>
 </body>
</html>
