1838 3132
594 100 1084 148 CHRONOGRAPHIA.
1460 96 1552 142 281

116 205 200 264 *(μῆ
229 207 419 264 εἰσέλθῃς
460 206 519 253 εἰς
561 203 612 247 τοὶ
642 203 853 259 καράβια,
883 205 956 246 καί
981 202 1192 260 κρατηθῇς
1217 200 1332 256 παρὰ
1360 198 1556 256 Ἱμερίου.

116 274 140 316 ὅ
167 273 248 329 γὰρ
280 272 485 325 Σαμωνᾶς
512 268 700 326 ὑπέθηκε
745 271 800 327 τῷ
827 273 1000 322 βασιλεῖ’
1020 271 1096 312 τοῦ
1125 268 1390 324 κρατηθῆναί
1411 283 1463 311 σε
1486 267 1560 309 καί

114 339 390 396 τυφλωθῆναι
419 340 515 391 παρ’
543 337 716 380 αὕτοῦ.”
779 333 911 377 πολλὰ
943 337 990 378 δὲ
1015 337 1350 389 προτρεπομένου
1371 334 1556 390 Ἱμεριόυ

116 403 375 459 Ανδρόνικον
417 405 622 446 εἰσελθεῖν
661 402 706 444 έν
730 406 817 450 τοῖς
853 405 1012 451 πλοίοις
1041 401 1147 455 μετὰ
1189 404 1272 444 τῶν
1311 402 1611 457 Ἀγαρηνῶν89

82 472 397 523 5ἑπικειμένων.
455 469 629 524 Ἱμέριος
668 469 717 510 δὲ
751 466 878 521 μόνος
920 469 965 510 έν
1001 467 1136 526 ἡμέρᾳ
1165 469 1243 510 τοῦ
1269 467 1390 522 ἅγιόυ
1420 469 1558 520 Θωμᾶ

115 534 344 590 συμβαλών
371 532 550 588 πόλεμον
590 533 696 587 μετὰ
739 535 823 576 ταῖν
846 535 1090 589 Ἀγαρηνῶν
1116 533 1298 590 μεγάλην
1323 537 1439 588 νίκην
1468 534 1573 589 εἷρ-·

114 603 284 657 γάσατο.
351 603 474 645 τοῦτο
497 599 650 654 μαθών
673 598 937 655 Ἀνδρόνικος
973 599 1177 655 α’πογνούς
1205 597 1295 654 ἅμα
1324 602 1602 656 συγγενέσινΙ)

116 664 249 711 αὖτοῦ
276 668 473 710 α’πελθών
501 663 727 723 ἐκράτησεν
744 664 925 723 κάστρον
953 665 1029 722 τήν
1049 665 1296 721 Κάββαλαν,
1323 669 1382 716 εἰς
1398 666 1563 708 τελείαν

116 733 382 777 ἀποστασίαν·
402 733 556 787 ἐλθών,
586 730 644 783 ὥς
670 733 799 775 εἰπεῖν
826 734 901 774 καί
914 733 1119 786 Σαμωνᾶν
1146 732 1252 788 πρὸς
1280 733 1354 777 τὸν
1383 733 1563 787 βασιλέα
1624 787 1626 789 ¹

62 801 220 842 10⁴⁴&ae
247 798 414 855 ἔλεγον,
457 795 493 843 ὦ
523 801 729 855 δέσποτα,
770 798 978 855 α’ντοίρτην
1015 795 1131 842 εἶναι’
1160 814 1238 843 σου
1267 798 1338 841 τὸν
1364 799 1509 842 Δοῦκα
1521 801 1563 850 ,·”

115 865 312 921 παρευθὺ
355 867 592 909 ἀπέστειλεν
630 865 653 908 ὅ
691 865 890 918 βασιλεὺς
927 867 968 908 Γ
966 867 1145 922 ρηγορᾶν
1197 867 1438 920 ὃομέστικον
1479 864 1563 906 τῶν

115 933 292 988 σχολῶν,
320 930 388 975 τὸν
417 932 634 987 λεγόμενον
663 932 902 989 Ἱβηρίτζην,
942 931 1246 987 συμπενθερὸν
1263 926 1361 974 ὄντα
1387 932 1562 986 Ἀνδρο-

116 999 248 1050 νίκου,
280 1001 619 1055 καταπολεμῆσαι
654 996 799 1040 αὐτόν.
869 997 1024 1052 μαθών
1063 1000 1111 1040 δὲ
1137 1000 1261 1040 τοῦτο
1288 997 1561 1053 Ἀνδρόνικος,

116 1065 190 1108 καί
215 1065 272 1116 ὥς
300 1064 323 1107 ὅ
350 1065 618 1120 πατριάρχης
630 1062 840 1113 Νικόλαος
865 1065 938 1119 τῆς
956 1065 1175 1119 ἐκκλησίας
1200 1060 1398 1119 ἐξεώσθη,
1429 1078 1564 1120 προσ·
1576 1064 1693 1103 ῬΑὸὅ

63 1139 104 1174 15
117 1131 272 1188 έφυγεν
309 1137 395 1181 τοῖς
434 1130 678 1187 Ἀγαρηνοΐς
716 1127 805 1184 ἅμα
844 1135 931 1180 τοῖς
969 1133 1186 1185 συγγενέσι
1210 1131 1284 1173 καί
1307 1132 1466 1179 τέκνοις
1493 1133 1567 1173 καί

117 1203 202 1248 τοῖς
231 1200 380 1255 φίλοις,
407 1197 677 1254 ἑξεληλυθόσι
708 1196 796 1240 τότε
822 1196 927 1240 κατά
955 1196 1192 1251 Ῥωμαίων.
1249 1196 1322 1239 καί
1348 1197 1567 1252 ὑπεδέχθη

116 1262 230 1319 παρὰ
262 1267 320 1322 τῷ
363 1264 608 1320 ἅμερουμνῇ
640 1264 983 1319 μεγαλοπρεπῶς.
1052 1266 1242 1307 ἐλυπεῖτο
1286 1266 1332 1306 δὲ
1367 1265 1496 1306 ’Λέων
1540 1263 1567 1305 o‘

116 1330 316 1384 βασιλεὺς
344 1329 415 1372 διὰ
447 1330 519 1373 τὸν
545 1330 820 1384 Ἀνδρόνικον,
866 1329 941 1372 καί
963 1328 1161 1380 πολλάκις
1190 1328 1434 1384 ἐβουλεύετο
1464 1331 1566 1371 dno-

118 1400 280 1438 στεῖλαι
313 1394 443 1439 αὐτὸν
482 1394 603 1450 λόγον
641 1395 955 1452 ἐνυπόγραφον,
985 1394 1010 1437 ὃ
1053 1397 1126 1438 καί
1157 1395 1363 1453 Θεόφιλος
1392 1393 1461 1437 διὰ
1490 1396 1564 1439 τόν

60 1469 107 1504 20
122 1461 332 1516 Μανουηλ
373 1460 579 1518 ἐποίησεν.
658 1461 1036 1515 συνεβουλεύσαντο
1080 1463 1127 1504 δέ
1165 1478 1270 1512 τινες
1301 1463 1357 1519 τῷ
1393 1464 1569 1515 βασιλεῖ’

118 1529 483 1584 φιλοφρονηθῆναί
515 1545 609 1571 τινα
650 1530 731 1571 τῶν
787 1530 863 1570 τοῦ
901 1530 1158 1583 πραιτωρίου
1198 1529 1451 1584 Σαρακηνιόν
1490 1525 1564 1570 καί

117 1595 402 1651 ἀποσταλῆναι
435 1597 480 1638 έν
506 1595 638 1654 Συρίᾳ
676 1593 780 1650 μετὰ
827 1595 950 1650 λόγου
991 1595 1298 1652 ένυπογράφου.
1352 1595 1473 1638 τοῦτο
1506 1593 1557 1649 δὴ

118 1785 222 1819 stiam
246 1785 390 1826 inferre,
416 1797 461 1819 ex
487 1796 557 1832 qua
583 1786 700 1830 sugam
726 1786 801 1831 ipse
830 1785 1043 1831 arripuerat,
1083 1784 1333 1819 meditabatur.
1382 1783 1556 1828 suggessit

118 1839 236 1867 autem
261 1833 399 1866 cuidam
426 1834 488 1878 qui
516 1832 685 1866 scriberet
704 1833 904 1868 Andronico
932 1838 1068 1866 secreto
1098 1837 1169 1865 “ne
1198 1843 1302 1865 naves
1330 1831 1555 1875 ingrediaris,

116 1889 162 1913 ne
187 1881 279 1914 sorte
302 1881 450 1926 capiaris
476 1880 519 1913 ab
548 1880 718 1914 Himerio.
767 1880 937 1913 samonas
971 1881 1064 1913 enim
1088 1880 1262 1924 suggessit
1286 1878 1491 1924 imperatori
1517 1883 1556 1912 ut

116 1927 162 1960 ab
194 1939 236 1961 eo
263 1927 537 1973 comprehensus
561 1928 685 1961 oculos
717 1928 927 1960 amitteres.”
974 1927 1132 1961 Himerio
1157 1925 1287 1960 exinde
1312 1926 1554 1961 Andronicum

116 1975 277 2020 pluribus
314 1975 530 2009 adhortante
566 1981 606 2008 ut
633 1975 752 2008 classis
789 1975 929 2008 adesset
952 1985 1068 2008 comes
1110 1980 1146 2008 et
1171 1986 1250 2007 curu
1288 1973 1457 2018 Agarenis
1481 1973 1552 2006 iarn

116 2022 381 2056 imminentibus
410 2022 627 2063 decertaret,
655 2034 728 2055 non
753 2021 906 2055 admisit.
971 2022 1145 2055 Himerius
1173 2022 1283 2066 igitur
1307 2022 1402 2054 solus
1431 2019 1489 2053 die
1515 2020 1550 2053 S.

114 2070 295 2111 'l'homae‚
333 2070 424 2102 inito
456 2081 534 2103 cum
562 2071 730 2113 Agarenis
758 2070 913 2115 praelio,
952 2079 1114 2113 magnam
1138 2069 1335 2116 reportavit
1356 2068 1551 2101 victoriam.

115 2129 188 2162 quo
213 2116 334 2151 audito
361 2118 396 2150 in
426 2116 707 2163 desperationem
742 2116 915 2149 adductus
942 2116 1175 2157 Andronicus,
1204 2117 1242 2149 in
1267 2121 1458 2149 extremam
1486 2115 1552 2148 de-

116 2165 306 2197 sectionem
332 2165 602 2210 praecipitatus,
643 2164 914 2209 consanguineis
952 2163 1070 2207 fugam
1105 2163 1359 2197 comitantibus
1399 2167 1550 2196 castrum

115 2211 306 2244 Cabbalam
331 2213 534 2258 occupavit3
561 2223 604 2245 ex
628 2224 699 2258 quo
717 2213 886 2246 Samonas
913 2211 1116 2256 imperatori
1142 2210 1406 2256 improperabat
1429 2215 1550 2242 “non—

114 2270 160 2292 ne
185 2258 440 2303 praedixeram,
470 2259 626 2300 domine,
657 2259 781 2292 ducem
811 2258 994 2292 adversum
1028 2264 1062 2292 te
1085 2257 1319 2292 rebellibnem
1343 2257 1549 2291 meditari?”

114 2307 234 2339 statim
259 2316 342 2349 ergo
364 2307 462 2339 misit
487 2307 682 2351 imperator
703 2307 895 2350 Gregoram
923 2304 1123 2339 scholarum
1147 2305 1391 2346 domesticum,
1417 2315 1551 2349 cogno-

113 2358 236 2386 mento
266 2352 494 2395 Hiberitzen‚
518 2353 712 2387 Andronici
738 2364 988 2394 consocerum,
1022 2357 1062 2386 ut
1087 2365 1166 2386 eum
1194 2352 1405 2386 debellaret.
1453 2349 1553 2397 quod

114 2411 194 2433 cum
209 2398 392 2433 didicisset
404 2400 634 2443 Andronicus,
658 2407 695 2434 et
706 2401 891 2434 Nicolaum
913 2399 1146 2446 patriarcham
1170 2399 1214 2433 ab
1237 2401 1386 2433 ecclesia
1410 2399 1553 2444 pulsum

115 2458 204 2488 esse,
231 2458 300 2479 una
319 2459 396 2480 cum
422 2447 580 2481 affinibus
603 2454 641 2482 et
663 2449 755 2482 natis
775 2454 812 2482 et
830 2447 950 2480 amicis
964 2447 1127 2481 fortunae
1154 2447 1344 2481 comitibus
1358 2445 1402 2479 ad
1419 2447 1552 2490 Agare-

114 2505 180 2527 nos
208 2495 388 2538 confugit,
417 2495 477 2540 qui
512 2501 587 2532 turn
613 2497 778 2530 adversus
808 2497 983 2529 Romanos
1018 2501 1213 2536 moverant,
1239 2500 1275 2528 et
1297 2494 1482 2538 magnifice
1505 2492 1551 2526 ab

114 2552 317 2574 amerumne
344 2548 526 2587 susceptus
552 2548 616 2577 est.
665 2542 857 2577 Andronici
879 2553 960 2575 vero
986 2553 1090 2576 causa
1117 2541 1325 2576 tristabatur
1347 2542 1552 2586 imperator,

115 2593 153 2622 et
177 2588 302 2621 libello
337 2589 598 2635 subscriptione
633 2591 776 2649 propria
812 2590 952 2623 munito
980 2595 1018 2623 ut
1050 2589 1230 2624 hominem
1256 2592 1448 2629 revocaret,
1479 2586 1551 2620 fre-

115 2641 267 2681 quenter
293 2636 482 2670 meditatus
522 2637 647 2670 suerat.
707 2636 925 2682 l'heopliilus
949 2641 1068 2670 autem
1096 2648 1159 2684 per
1182 2636 1410 2670 Eua-'inuelem
1435 2635 1552 2669 effecit

113 2699 131 2718 a
154 2700 170 2717 α
194 2702 209 2719 ι
225 2708 233 2716 .
283 2683 521 2720 consulebant
548 2690 666 2721 autem
697 2683 841 2734 quidam
866 2685 1069 2732 imperatori
1098 2690 1137 2720 ut
1166 2684 1421 2720 Saracenorum
1445 2692 1552 2731 prae-
