1838 3132
331 131 403 170 DE
426 127 830 171 THESSALONJCA
856 129 892 170 A
919 130 1129 171 umbus
1156 126 1347 170 CAPTA.
1465 117 1562 166 479

121 228 297 285 α’σκητὸν
338 230 648 284 περιτεθεῖσθαι
689 227 727 270 οἱ
756 230 1053 283 εὐτυχέστατοι
1093 224 1428 271 κατεπλούτουν·
1484 228 1566 268 τῶν

121 299 163 353 ’δ”
187 291 324 337 ἄλλων
350 293 388 336 οἱ
419 297 585 344 πλείους
612 293 785 346 ψιάθων
816 297 1028 350 πλέγματα
1060 292 1088 350 ἢ
1114 296 1293 348 σχοίνων
1323 290 1350 348 ἢ
1378 291 1567 347 καλάμης

123 356 368 416 ἐσχεδίαζον
410 362 468 409 εἰς
495 359 694 414 τοιαύτην
723 362 899 414 σκέπην,
928 360 977 402 τὰ
1011 359 1141 402 πολλὰ
1173 361 1246 401 καί
1272 361 1568 414 διατετρημένα

123 427 198 482 τὴν
227 426 417 483 κορυφὴν
460 424 564 467 κατὰ
609 425 865 481 καπνοδόκην
883 461 893 481 ‚
923 426 975 468 τὰ
1003 429 1080 479 μὲν
1107 425 1287 480 εὐρῶτος
1316 428 1572 478 καταβοσκη-

91 494 334 548 ὅσοιμένου,
363 491 413 534 τοὶ
445 494 490 533 δὲ
524 489 595 531 καί
623 489 724 531 κατὰ
759 489 1020 545 βαρβαρικὸν
1050 488 1240 545 ἄθυρμα,
1270 487 1344 543 οὐκ
1375 490 1493 544 ὀλίγα
1523 491 1570 531 δὲ

125 560 196 601 καί
223 559 328 614 πρὸς
357 557 528 612 τέχνην,
558 555 626 598 ἵνα
658 554 729 598 διὰ
761 559 837 598 τοῦ
863 557 1073 611 τρήματος
1103 555 1124 597 ὁ
1151 562 1282 612 πῖλος,
1312 552 1381 599 οἶα
1409 558 1486 598 καί
1507 571 1570 605 τις

120 621 237 679 χιόνη
265 617 354 672 τοῖς
382 624 578 676 διψῶσιν,
609 619 875 676 ένερεύγηται
905 621 1132 677 συμβολήν.

216 688 328 733 ,Καὶ
364 685 466 742 ἧσαι
505 687 542 730 οἱ
581 685 729 736 πάντες
769 690 815 729 ἐκ
854 688 934 730 τῶν
964 688 1161 730 τοιούτων
1187 685 1482 741 στολισμάτων,
1510 680 1569 728 ὧν

123 755 289 804 πολλοῖς
320 757 551 806 ἐνέλαμπον
580 751 637 803 ὥς
665 750 731 797 οἷά
747 769 856 803 τινες
878 754 1110 810 πορφύρεοι
1139 754 1251 796 λίθοι
1281 755 1436 807 πληγαὶ
1466 767 1571 808 πορ-

68 830 110 865 10
125 819 340 878 φύρουσαι
379 823 436 878 τῷ
475 823 519 871 ἐξ
548 822 727 872 αἵματος
755 821 927 878 λύθρῳ,
971 824 1113 873 θέαμα
1159 822 1230 862 καὶ
1256 819 1572 874 δυσπρόσοπτον

121 889 194 930 καί
221 888 498 940 δυνείκαστον,
526 884 570 929 τὸ
600 888 678 939 μὲν
707 883 768 935 οἷς
798 889 842 928 ἐκ
877 889 1084 943 νερτέρων
1114 883 1227 941 ἥκειν
1258 885 1428 928 ἐδόκουν
1456 887 1576 928 σκιαί

119 967 228 1002 τινες
259 953 496 1008 α’ΐσσονσαι,
524 951 570 995 τὸ
603 953 642 994 δ’
675 949 741 993 ὅτι
770 953 868 1002 τούς
903 952 1005 994 κατὰ
1043 951 1173 1008 φύσιν
1197 954 1471 1007 χαρακτῆρας
1498 951 1570 992 ού-

121 1021 198 1061 κέτ’
229 1014 342 1073 εἶχον
383 1018 454 1060 διὰ
497 1018 541 1060 τό
572 1016 690 1060 ἔνδον
728 1033 808 1059 που
844 1018 1119 1072 ἀναχωρῆσαι
1149 1015 1177 1072 ἢ
1205 1021 1277 1060 καί
1298 1008 1434 1060 τέλεόν
1461 1021 1571 1060 ἐκλι-

120 1090 213 1127 πεῖν
239 1083 308 1128 τὸν
333 1084 472 1141 φίλιον
501 1084 663 1138 χυμόν,
705 1085 761 1125 δι’
796 1078 925 1138 οὗπερ
966 1087 1138 1135 ἐξανθεῖ
1177 1083 1222 1127 τὸ
1255 1082 1464 1139 ἐρύθημα.
1522 1079 1572 1137 ἦν

66 1161 108 1195 15
120 1146 197 1193 οὖν
222 1149 342 1206 ἔργον
385 1154 587 1205 γνωρίσαι
624 1150 696 1192 καί
723 1148 796 1193 τὸν
825 1149 936 1192 πάνυ
966 1151 1010 1192 έν
1038 1150 1199 1200 τούτοις
1227 1151 1444 1206 φίλτατον·
1502 1149 1574 1191 καὶ

119 1218 291 1265 ἕκαστος
322 1215 516 1271 α’νηρώτα
545 1215 726 1270 ἕκαστον,
750 1213 792 1264 ὅς
821 1219 884 1264 τίς
914 1218 1004 1258 ποτ’
1040 1213 1091 1257 ἂν
1119 1218 1191 1257 καί
1217 1215 1293 1271 εἴη,
1319 1214 1387 1258 διὰ
1421 1215 1468 1257 τὸ
1496 1232 1570 1256 κα-

117 1281 170 1326 τὰ
196 1281 332 1337 χρόαν
365 1281 531 1324 πάντων
562 1275 853 1334 ‹iuvenies-'nat‘
875 1282 1079 1338 διάφορον
1106 1284 1196 1322 κατ’
1225 1283 1362 1326 ου’δέν.

226 1348 350 1390 Ἰτέον
378 1350 448 1390 έπί
485 1346 560 1397 τὰς
599 1350 831 1403 ἐκκλησίας,
866 1349 936 1389 κατ’
963 1349 1198 1403 θεωρητέον
1228 1346 1329 1396 τούς
1356 1349 1569 1396 τοιούτους

119 1414 190 1456 καὶ
218 1415 314 1467 ἐκεῖ,
343 1414 414 1456 καί
438 1416 665 1469 ἐρωτητέον
691 1417 752 1462 τίς
784 1410 868 1468 ἄρα
897 1416 942 1455 ἐν
969 1413 1132 1462 τούτοις
1159 1412 1180 1454 ὅ
1214 1413 1409 1462 πλούσιος
1437 1408 1464 1467 ἢ
1491 1414 1568 1454 πέ-

61 1492 108 1526 20
121 1496 202 1536 νης,
232 1483 304 1522 καί
330 1476 408 1522 ὅσα
436 1483 623 1522 τοιαῦτα.
682 1479 787 1521 α’λλιὲ
818 1480 880 1529 τίς
899 1482 977 1532 μὲν
1008 1478 1195 1534 ἱερᾶται;
1229 1481 1291 1528 τίς
1323 1481 1369 1522 δὲ
1398 1481 1469 1522 ἐπί
1493 1481 1570 1521 τοῦ

118 1545 415 1600 ἀναγινώσκειν
443 1548 555 1598 ἑστι’,·
582 1549 643 1595 τίς
669 1547 715 1588 δὲ
740 1548 817 1587 τοῦ
846 1547 952 1587 λαοῦ
980 1541 1086 1587 εἶναι
1117 1545 1257 1601 εἴληχε
1267 1564 1281 1599 ,·
1308 1545 1456 1594 πάντες
1485 1544 1565 1599 γὰρ

119 1608 229 1663 εἶδος
257 1613 301 1653 ἓν
328 1612 399 1654 καί
428 1612 573 1668 μορφὴ
606 1611 631 1666 ἧ
663 1611 798 1666 αὕτη·
857 1608 933 1653 κᾶν
963 1613 1003 1654 εἰ
1035 1611 1093 1666 μή
1122 1628 1185 1661 τις
1212 1608 1457 1666 ἆποκριθείς
1485 1613 1566 1654 τῶν

118 1675 257 1722 ἄλλων
289 1678 335 1721 τὸ
369 1677 484 1734 ἱερὸν
513 1679 697 1721 εἰσέλθοι
714 1680 844 1733 βῆμα,
874 1680 1128 1733 στησάμενος
1154 1680 1213 1727 εἰς
1240 1678 1383 1733 ετῗχοὶς,
1414 1677 1491 1719 καί
1503 1692 1567 1726 τις

213 1792 254 1824 3.ἱ
275 1792 415 1838 ἐβρῶτο
440 1792 471 1825 Τ

121 1889 208 1936 pilei
233 1893 437 1932 tegumento
464 1888 660 1921 felicissimi
685 1887 911 1933 gaudebant;
936 1898 955 1919 e
989 1886 1116 1920 ceteris
1142 1885 1287 1931 plurimi
1316 1896 1336 1918 e
1362 1890 1458 1918 crate
1482 1885 1565 1919 iun-

122 1948 184 1969 cea
207 1936 387 1980 scripeave
412 1935 469 1968 vel
495 1946 514 1968 e
540 1935 673 1969 calamo
699 1935 804 1980 plexa
822 1935 909 1967 talia
924 1934 1079 1977 tegmina
1098 1933 1372 1978 praeparabant,
1394 1932 1567 1978 pleraque

121 1984 158 2016 in
187 1983 328 2026 fastigio
358 1983 498 2015 somarii
536 1983 647 2015 instar
673 1982 872 2027 perforata,
905 1981 1034 2025 partim
1070 1981 1140 2013 situ
1178 1986 1214 2013 et
1236 1980 1413 2025 squalore,
1439 1980 1569 2024 partim

124 2030 355 2063 harbarorum
398 2029 555 2062 ludibrio
591 2030 723 2062 violata
742 2053 751 2068 ,
776 2027 872 2061 haud
898 2039 1009 2072 pauca
1047 2029 1154 2060 etiam
1183 2027 1347 2060 consulto
1371 2032 1505 2071 aperta,
1529 2033 1569 2060 ut

121 2088 186 2122 per
211 2077 367 2110 foramen
387 2077 517 2122 pileus,
542 2076 642 2122 quasi
656 2075 836 2122 quoddam
863 2073 1132 2108 infundibulum
1157 2074 1367 2115 sitientium,
1394 2074 1568 2118 reciperet

122 2124 331 2168 symbolam.

216 2171 343 2204 Cuncti
371 2171 479 2215 igitur
502 2169 610 2203 huius
637 2169 774 2213 generis
808 2168 942 2201 vestitu
976 2167 1181 2207 utebantur,
1209 2168 1246 2200 in
1272 2178 1423 2213 quorum
1451 2166 1567 2210 pluri-

122 2218 189 2251 mis
217 2223 387 2263 tanquam
425 2217 560 2262 lapides
593 2217 762 2262 purpurei
804 2214 1042 2260 splendebant
1082 2214 1219 2248 vibices
1255 2226 1377 2247 cruore
1402 2215 1567 2253 suffusae,

125 2266 260 2310 species
285 2270 322 2298 et
344 2265 432 2297 mira
460 2269 497 2297 et
528 2264 677 2303 acerba,
703 2264 789 2308 quia
825 2269 861 2296 et
887 2274 930 2295 ex
958 2261 1332 2303 inseris,videbantur
1361 2261 1461 2306 quasi
1487 2271 1568 2292 um-

122 2312 209 2345 brae
237 2311 412 2358 quaedam
435 2311 646 2352 ascendisse,
670 2321 737 2343 nec
767 2311 835 2342 iam
857 2308 1038 2343 habebant
1062 2308 1217 2342 colorem
1242 2309 1453 2349 naturalem,
1481 2319 1567 2353 pro-

123 2364 247 2404 pterea
280 2358 376 2405 quod
403 2359 498 2391 intus
523 2364 717 2391 recesserat
743 2362 805 2390 aut
842 2368 984 2401 prorsus
1018 2355 1199 2389 defecerat
1223 2367 1345 2388 succus
1374 2355 1437 2387 ille
1462 2365 1567 2399 prae-

123 2406 272 2446 stabilis,
298 2405 393 2438 unde
432 2405 539 2438 rubor
567 2405 766 2439 efflorescit.
816 2404 939 2449 itaque
966 2403 1107 2436 difficile
1132 2409 1206 2436 erat
1229 2413 1419 2446 agnoscere
1463 2402 1567 2434 etiam

122 2452 306 2485 hominem
329 2452 618 2492 dilectissimum,
654 2458 690 2485 et
718 2462 839 2484 omnes
867 2462 903 2483 se
936 2451 1086 2484 invicem
1112 2449 1303 2494 rogabant,
1337 2450 1398 2494 qui
1439 2453 1568 2489 essent,

124 2498 222 2545 quod
249 2500 367 2532 cuncti
388 2500 490 2532 vultu
518 2500 650 2534 similes
676 2510 742 2532 nec
767 2498 965 2544 quidquam
990 2497 1118 2530 diversi
1145 2502 1257 2530 erant.

217 2546 343 2580 Eamus
372 2546 409 2578 in
434 2547 599 2580 ecclesias
625 2552 660 2580 et
685 2552 882 2591 spectemus
899 2545 950 2578 ibi
976 2556 1121 2591 quoque
1148 2544 1306 2583 miseros,
1337 2552 1567 2588 quaeramus-

124 2603 207 2638 que,
234 2593 313 2638 quis
340 2604 460 2626 eorum
489 2592 598 2634 dives,
626 2593 706 2640 quis
733 2603 880 2638 pauper,
906 2597 943 2625 et
973 2598 1088 2626 cetera
1114 2591 1150 2624 id
1177 2601 1300 2634 genus.
1352 2589 1431 2634 quis
1462 2600 1566 2634 porro

126 2651 222 2673 sacra
251 2639 414 2685 peragit?
472 2641 550 2685 quis
574 2640 766 2674 lectionem
794 2638 934 2672 habet?
994 2639 1074 2684 quis
1103 2650 1122 2672 e
1149 2638 1284 2683 populo
1313 2636 1392 2670 est?
1434 2637 1568 2681 quippe

127 2698 248 2720 omnes
274 2687 428 2733 speciem
455 2691 587 2729 ιιιιειη,μ
614 2688 760 2721 formam
790 2686 938 2719 eandem
966 2697 1051 2732 prae
1075 2697 1111 2719 se
1138 2685 1276 2718 serunt:
1307 2694 1373 2717 nec
1396 2683 1463 2716 nisi
1489 2683 1567 2728 quia
