1838 3132
582 103 1083 161 'CHRONOGRAPH1A.
1451 110 1544 157 327

109 221 235 275 στέρα
281 217 598 274 συμπεφυκότες
642 219 715 261 καί
748 216 951 272 ἀλλήλους
988 216 1245 272 ὑπάρχοντες
1289 215 1550 272 ἀντιπρόσω-

110 301 206 329 ποι·
266 286 309 328 οἲ
325 286 396 327 ἐπὶ
423 289 611 326 πλεῖστον
635 287 688 341 τῇ
717 283 835 326 πόλει
851 285 1208 338 ἐνδιατρίψαντες,
1240 284 1314 325 καί
1336 281 1419 325 ὑπὸ
1449 282 1553 324 πᾶν·

110 368 193 394 των
237 350 293 400 ὥς
321 351 504 401 ἐξαίσιόν
541 353 733 406 τι,τε’ρας
761 347 978 403 ὁρώμενοι,
1011 351 1083 403 τῆς
1113 351 1269 399 πόλεως
1295 349 1350 399 ὥς
1377 349 1554 405 πονηρός

111 431 175 466 τις
213 415 353 465 οἰωνὸς
381 415 654 470 ἐξηλάθησαν.
709 416 781 456 ἐπὶ
819 415 865 455 δὲ
889 417 963 468 τῆς
983 417 1311 470 μονοκρατορίας
1341 415 1556 468 βασιλείας

79 482 435 536 5Κωνσταντίνου
473 480 598 523 πάλιν
636 478 900 533 εἰσήλθεσαν.
969 481 1062 522 ἐπεὶ
1097 482 1144 522 δὲ
1186 480 1207 522 ὅ
1251 482 1392 536 ἕτερος
1419 480 1559 522 αὐταῖν

111 548 355 604 έτέθνηκεν,
393 548 537 600 ἰατροί
557 561 660 596 τινες
695 544 884 601 ἔμπειροι
925 545 968 588 τὸ
1011 549 1382 602 συγκεκολλημένον
1428 548 1599 600 μέροςῑ)

113 616 300 668 διέτεμον
326 613 509 668 εὐφυῶς,
541 612 680 654 ἐλπίδι
705 612 781 654 τοῦ
809 611 884 655 τὸν
910 614 1048 668 ἕτερον
1076 611 1316 668 ζήσεσθαι·
1374 611 1421 661 ὃς
1446 617 1558 668 τρεῖς

111 678 272 736 ἡμέρας
299 677 488 732 ἐπιβιούς
513 676 793 734 ἐτελεύτησεν.

223 747 314 788 Καὶ
343 747 387 787 ἐν
414 747 515 786 πᾶσι
540 745 630 799 μέν,
658 744 719 792 ὥς
746 740 943 798 ἀνωτέρω
980 743 1160 800 εἴρηται,
1185 751 1386 800 μοναχοῖς
1415 744 1556 788 πίστιν

60 813 298 867 ίοέκέκτητο
346 810 368 852 ὁ
394 813 618 866 βασιλεῦς,
664 809 949 867 διαφερόντως
979 813 1026 854 δὲ
1058 813 1180 864 ἐτίμα
1209 813 1283 853 καί
1310 811 1559 864 ὖπερέσεβεν

113 880 285 932 Σέργιον
324 877 393 920 τὸν
423 879 465 920 ἐν
503 883 729 930 μονασταῖς
751 877 1057 931 διαλάμποντα,
1088 876 1134 926 ὃς
1163 876 1347 934 α’δελφὸς
1373 879 1452 930 μὲν
1480 877 1558 918 τοῦ

111 945 345 999 μαγίσι-ρον
371 942 572 999 ἐπεφύκει
602 945 771 996 Κοσμᾶ,
790 942 964 995 ἀνεψιὸς
991 947 1039 986 δὲ
1067 945 1143 986 τοῦ
1169 943 1432 999 πατριάρχου
1462 945 1563 985 (Dm-

114 1009 207 1052 τίου
247 1012 507 1064 ἐτύγχανεν·Ἰ
561 1006 607 1052 ὃν
649 1012 774 1053 πλέον
800 1011 875 1066 τῆς
916 1012 1116 1065 σαρκικῆς
1144 1010 1357 1064 εὐγενείας
1396 1009 1420 1065 ἦ
1454 1006 1558 1050 κατὰ

114 1076 260 1131 ψυχὴν
284 1077 406 1129 ε’τῄια
437 1077 640 1130 εὐγένεια.
698 1077 841 1118 resnou
877 1075 928 1131 δὴ
959 1076 1031 1119 τόν
1059 1077 1253 1129 ἀοίδιμον
1283 1076 1560 1123 ἀδιαλείπτως

62 1146 212 1198 15μεθ’
228 1139 383 1184 ἑαυτοῦ
410 1139 522 1196 εἶχεν
552 1141 572 1183 ὁ
603 1141 815 1196 βασιλεύς,
847 1141 999 1184 κανίνα
1027 1138 1153 1192 ὅντως
1179 1144 1252 1184 καί
1278 1139 1469 1196 σταθμὴν
1489 1139 1563 1182 τὸν

113 1210 247 1252 αὐτοῦ
286 1211 381 1261 βίον
424 1209 494 1250 αἐἰ
536 1208 818 1264 ῥυθμίζοντα·
875 1206 921 1258 ὃς
953 1206 1083 1251 πολλα
1115 1209 1288 1266 παρῄνει
1315 1210 1373 1266 τῷ
1395 1211 1569 1262 βασιλεῖ

103 1277 198 1318 ,τῶν
226 1276 388 1316 παίδων
418 1276 710 1327 ἐπιμελεῖσθαι
741 1277 815 1317 καί
835 1275 894 1330 μὴ
932 1275 1214 1324 ἀπαιδεύτους
1242 1276 1318 1316 ἐᾶν
1348 1276 1406 1324 εἰς
1432 1288 1563 1327 πονη-

115 1341 210 1395 ρίαν
249 1339 531 1394 ἐγκλίνοντας,
577 1339 757 1396 μήποτε
793 1340 866 1382 καί
903 1338 1029 1389 αὐτὸς
1067 1341 1200 1383 πάθοι
1239 1339 1287 1383 τὸ
1329 1343 1401 1383 τοῦ
1425 1338 1559 1382 Ἠλεί.

117 1405 211 1449 ἐπεὶ
236 1408 284 1448 δὲ
310 1407 387 1448 τοῦ
417 1405 622 1448 παλατιόυ
652 1409 797 1449 τοῦτον
826 1405 865 1448 οἱ
892 1408 1039 1457 παῖδες
1079 1404 1313 1461 πατήγαγον
1339 1404 1412 1447 καί
1438 1407 1485 1448 ἐν
1510 1406 1564 1463 τῇ

59 1482 106 1517 20
119 1472 281 1529 Πρώτῃ
302 1471 411 1529 νήσῳ
440 1470 654 1525 ἐξώρισαν,
687 1473 811 1514 πάλιν
827 1475 976 1514 τοῦτον
1003 1468 1091 1526 εἶχε
1119 1475 1203 1514 ταῖν
1231 1474 1464 1528 συμφορῶν
1485 1488 1564 1513 πα-
1575 1484 1610 1517 Ρ.
1626 1482 1695 1517 509

118 1536 332 1593 ραμύθιον
368 1539 440 1579 καί
475 1540 554 1580 τῶν
584 1541 772 1590 θλίψεων
809 1538 1072 1581 οἷκεσώδυνον
1111 1536 1346 1593 φάρμακον.
1377 1532 1411 1596 ᾧ
1437 1540 1566 1592 συνῆν

117 1601 206 1647 τότε
234 1605 306 1646 καί
332 1602 603 1655 Πολύευκτος
641 1603 826 1658 μοναχὸς
857 1602 1192 1658 εὖλαβέστατος,
1230 1603 1304 1646 καί
1343 1603 1474 1653 αὐτὸς
1510 1604 1562 1647 τὰ

123 1795 192 1830 que
218 1784 310 1818 inter
338 1796 374 1818 se
398 1785 558 1818 vultibus
582 1786 804 1827 visebantnr3
841 1785 902 1830 qui
929 1796 1005 1817 cum
1041 1784 1100 1817 diu
1128 1784 1164 1817 in
1199 1784 1285 1816 urbe
1314 1784 1439 1816 morati
1471 1783 1562 1816 suis·

123 1837 216 1871 sent,
240 1832 341 1865 velut
365 1832 559 1865 infaustum
590 1839 796 1878 portentum
823 1837 859 1866 et
887 1833 1055 1865 infestum
1090 1843 1193 1864 omen
1222 1831 1350 1871 habiti,
1374 1831 1460 1863 urbe
1485 1831 1562 1863 eie-

125 1879 172 1911 cti
198 1883 290 1911 sunt.
340 1878 575 1912 Constantino
610 1891 692 1912 vero
716 1880 794 1913 solo
820 1879 1017 1924 imperante
1051 1890 1188 1911 rursum
1212 1877 1357 1921 ingressi
1381 1883 1474 1910 sunt.
1523 1882 1564 1910 ut

123 1930 244 1958 autem
268 1937 389 1958 eorum
413 1927 502 1960 alter
527 1933 686 1960 mortuus
713 1932 768 1959 est
784 1951 794 1967 ,
818 1925 945 1959 medici
981 1925 1126 1972 quidam
1151 1925 1356 1971 peritissimi
1390 1923 1562 1958 cohaere-

122 1978 280 2006 scentem
305 1979 463 2018 partem,
488 1974 635 2006 alteram
653 1974 869 2007 incolumem
899 1973 1084 2018 vivamque
1114 1978 1311 2006 servaturos
1337 1983 1374 2004 se
1398 1976 1562 2017 praesto-

123 2020 201 2059 lati,
229 2020 381 2053 solerter
416 2020 644 2064 exciderunt3
680 2022 821 2067 puellus
853 2020 920 2053 iste
956 2019 1081 2053 diebus
1113 2021 1227 2054 tribus
1266 2024 1444 2066 superstes
1468 2028 1563 2051 mor-

123 2072 206 2101 tuus
231 2071 296 2100 est.

231 2125 276 2158 Et
315 2125 350 2157 in
393 2125 555 2158 omnibus
593 2125 765 2171 quidem,
799 2130 838 2159 ut
875 2130 1075 2158 enarratum
1101 2136 1218 2171 supra,
1246 2123 1426 2158 monachis
1457 2121 1582 2156 fidemv

122 2170 280 2205 habebat
325 2173 533 2217 imperator:
573 2173 738 2219 privatim
775 2184 859 2206 vero
895 2183 982 2218 prae
1036 2173 1199 2206 omnibus
1228 2172 1386 2217 Sergium
1434 2181 1559 2204 mona-

124 2219 219 2252 sticis
256 2219 413 2253 moribus
450 2225 689 2266 praestantem
738 2219 880 2253 colebat
922 2225 959 2252 et
998 2220 1244 2253 venerabatur.
1314 2218 1374 2252 hic
1408 2216 1564 2262 magistri

124 2266 272 2299 cosmae
312 2267 442 2307 frater,
481 2278 594 2313 nepos
634 2279 718 2300 vero
762 2267 875 2300 Photii
916 2266 1136 2312 patriarchae
1174 2268 1306 2307 fueram
1344 2276 1450 2312 quem
1486 2263 1566 2296 ani-

125 2324 202 2345 mae
227 2312 395 2346 nobilitas
435 2325 539 2359 quam
573 2315 687 2347 carnis
719 2315 919 2358 ingenuitas
959 2313 1131 2348 reddebat
1163 2314 1404 2348 illustriorem.
1459 2309 1565 2344 istum

125 2361 250 2405 itaque
292 2361 523 2394 reverendum
551 2362 669 2407 iugem
711 2363 875 2395 comitem
914 2372 1032 2394 secum
1070 2361 1224 2395 ducebat
1245 2362 1439 2406 imperator
1464 2357 1564 2403 quasi

126 2418 244 2439 veram
280 2407 436 2451 regulam
487 2413 524 2441 et
569 2409 733 2442 amussim
771 2409 880 2454 ipsius
927 2409 1037 2441 vitam
1079 2408 1299 2453 dirigentem.
1363 2407 1421 2439 liic
1451 2404 1566 2450 pluri-

127 2464 222 2486 mum
253 2452 462 2487 hortabatur
493 2455 768 2501 imperatorem,
793 2457 947 2489 filiorum
979 2467 1097 2489 curam
1122 2461 1262 2500 ageret,
1287 2465 1404 2499 neque
1423 2453 1504 2486 illos
1528 2451 1566 2484 in

127 2501 259 2533 malum
284 2500 420 2547 absque
447 2501 632 2548 disciplina
659 2515 827 2549 proruere
853 2504 996 2544 sineret,
1020 2514 1066 2537 ne
1085 2502 1241 2549 quando,
1271 2513 1362 2547 quae
1378 2500 1474 2539 Heli,
1499 2510 1566 2544 Pa·

126 2553 273 2581 teretur.
324 2553 362 2580 ut
386 2559 470 2581 vero
496 2560 515 2580 a
540 2550 622 2583 filiis
649 2562 667 2583 e
694 2551 828 2596 palatio
855 2550 1015 2583 deiectus
1041 2556 1094 2584 est
1130 2555 1167 2583 et
1191 2551 1228 2582 in
1251 2549 1390 2582 Protem
1414 2546 1568 2579 insulam

130 2595 318 2638 relegatus,
346 2594 441 2628 hunc
465 2607 580 2630 rursus
617 2597 745 2630 habuit
769 2598 1012 2631 calamitatum
1047 2598 1214 2631 solatium
1239 2601 1274 2628 et
1299 2595 1481 2638 angustiae
1510 2602 1567 2627 re-

129 2641 285 2674 medium
319 2641 528 2685 lenitivum3
566 2644 753 2690 eidemque
794 2651 879 2678 tunc
913 2645 1081 2690 temporis
1125 2645 1334 2685 Polyeuctus
1376 2640 1569 2674 monachus

130 2689 306 2734 piissimus
329 2687 475 2731 aderat,
500 2690 631 2725 crebris
658 2703 739 2726 eum
773 2691 1028 2733 hortamentis,
1054 2697 1095 2726 ut
1120 2690 1285 2732 decebat,
1309 2689 1568 2724 consolaturus„
