1838 3132
331 103 406 144 DE
429 98 831 145 THESSALONICA
858 97 894 142 A
911 128 913 132 Α
929 97 1135 142 LATINIS
1163 96 1352 141 CAPTA.
1486 94 1578 140 511

142 194 221 249 σαί
243 200 403 257 θράσος
430 201 629 257 ’ὕψιστον-
668 232 669 235 ,
695 200 756 243 ἔτι
787 201 834 243 δὲ
871 201 945 241 καί
968 199 1312 253 τάς.περιὲργους
1340 196 1580 251 συνδρομάς

141 270 216 313 καὶ
245 268 525 324 καταδρομάς,
553 266 603 317 ἃς
629 267 673 318 τὸ
692 265 872 322 ιέναγχος
900 261 994 308 οἶδε’
1014 267 1150 319 θέρος,
1179 265 1242 314 εἷς,
1266 263 1391 305 οὐδὲν
1421 264 1525 304 δέον.

247 335 364 380 Ἀλλ’
400 330 507 377 ὥστε
544 335 597 375 ου’
623 334 745 375 τοῦτο
790 331 840 386 δή
886 329 932 373 τὸ
962 328 1149 386 ἐλαφρὸν
1179 330 1397 385 δη[λῶ]σαι
1424 329 1583 371 δίκαιον

142 396 280 456 ἄνδρα
297 435 310 456 ,
355 395 425 443 οἷα
465 399 722 455 δύσχρηστον
749 403 836 448 τοῖς
864 397 1160 452 δυσαρέστοις,
1188 394 1296 438 ἀλλὰ
1325 397 1398 438 καὶ
1422 393 1583 449 κρύψαι

108 467 200 516 δεῖς
224 468 325 521 γῆν·
379 463 424 508 τὸ
453 463 687 520 βαρύτατον
711 464 1055 519 προσεπιλεκτὲον
1087 467 1175 511 τοῖς
1201 463 1426 510 αἰτιατέοις
1443 477 1454 489 ·
1511 459 1585 503 καὶ

138 529 235 578 τούς
260 532 353 573 κατ’
394 525 584 585 ἀλλήλων
623 527 916 584 ψιθυρισμούς
955 529 1022 584 ἐφ’
1052 524 1114 578 οἷς
1136 529 1212 570 οὔκ
1242 529 1384 583 ἐχρῆν,
1413 526 1456 569 οἳ
1477 526 1582 580 βοὰς

139 595 281 651 μα’χης
309 595 500 653 α’φύκτου
527 596 628 651 ἡμῖν
656 597 916 649 ἐπὲρρηξαν·
972 593 1046 643 τοὶς
1076 592 1148 636 ἐπὶ
1175 592 1446 649 παραθήκαις
1476 593 1580 635 εἰπο-

138 660 368 717 στερήσεις,
395 656 455 704 ὧν
483 663 618 704 ἕνεκεν
645 662 1035 715 ἒπεπλουτισθημεν,
1064 661 1104 702 εἰ
1128 661 1199 701 καί
1223 661 1373 713 γελῶσι
1398 659 1579 700 κάνταῦ-

137 731 197 770 θα
218 724 368 777 πάντες
397 727 436 770 οἱ
462 725 524 770 ἔτι
555 723 704 783 ἄνδρες
730 729 807 769 τοῦ
832 723 1009 769 πλούτου
1027 741 1039 754 ·
1097 724 1175 775 τὰς
1201 728 1281 767 τῶν
1306 723 1578 780 γραμματίων

86 805 128 842 ιθ
139 791 516 849 αἠοπροσποιήσεις
532 825 545 847 ,
591 787 650 836 ὧν
677 794 862 847 σταυροῦ
885 793 1026 846 τιμίου
1053 790 1181 841 τύπος
1208 793 1465 847 προλάμπων
1489 787 1575 834 εἶτα
1587 801 1654 837 307

137 858 210 902 καὶ
235 857 402 915 μνήμην
443 860 518 914 τῆς
558 859 680 914 ἁγίας
726 856 896 915 τριάδος
941 859 1015 900 τοῦ
1050 855 1141 907 ὲνός
1169 859 1242 900 καί
1268 855 1451 912 μεγάλου
1476 857 1581 900 θεοῦ

137 925 350 981 ἐπεισάγει
375 926 746 980 προγεγραμμένην
775 923 879 980 πρός
905 920 1081 966 ἑκάστου
1109 925 1190 965 τῶν
1217 921 1325 966 οὕτω
1351 927 1580 966 ‹rummar-

135 990 298 1048 τόντων,
327 990 430 1034 &aaz
454 990 528 1033 καί
553 987 740 1044 ὤμνυον·
789 986 897 1045 ὅπερ
927 991 1013 1032 κατ’
1040 989 1253 1045 ἐπιορκίας
1280 987 1462 1045 ἔγκλημα
1489 991 1579 1039 ἕξε-

137 1059 378 1111 πολέμωσεν
403 1057 504 1113 ἡμῖν
532 1060 724 1113 φανερῶς
752 1055 822 1099 τὸν
848 1055 960 1098 θεόν.

82 1134 126 1169 15
251 1125 310 1166 Τι’
327 1138 401 1176 μοι
443 1125 691 1177 α’ναμετρεῖν
735 1121 787 1164 τὰ
814 1124 943 1164 πλείω
974 1118 1102 1177 αἴτια,
1130 1118 1234 1163 ἔνθα
1260 1119 1319 1176 μή
1349 1119 1456 1163 πάνυ
1485 1137 1578 1162 και-

137 1187 236 1244 ρός;
266 1190 435 1245 α’ρκὲσει
461 1189 587 1242 μόνον
613 1191 744 1231 εἰπεῖν
775 1186 831 1237 ὥς
858 1186 1016 1236 δίκαιος
1043 1187 1064 1228 ὃ
1085 1185 1186 1237 θεὸς
1212 1188 1286 1229 καὶ
1311 1184 1577 1236 δικαιοσύνας

137 1256 291 1312 α’γαπᾷ,
368 1254 434 1298 διὸ
475 1248 568 1298 οὔτε
606 1256 726 1309 μερίς
761 1253 872 1312 αὐτῷ
912 1252 1016 1309 πρὸς
1047 1253 1143 1302 τούς
1170 1251 1225 1308 μή
1258 1251 1483 1308 τοιούτους,
1510 1252 1580 1294 καὶ

136 1323 231 1364 οὐδ’
266 1315 320 1364 ἂν
358 1320 503 1376 ἀνήσει
549 1323 645 1363 ποτὲ
683 1324 858 1374 συχναῖς
906 1319 1104 1373 μεθόδοις
1139 1316 1444 1374 μετερχόμενος
1484 1317 1579 1368 τούς

137 1383 231 1429 ὅσοι
254 1391 340 1435 τοῖς
369 1387 560 1429 α’δικοῦσι
585 1384 936 1437 συνεξετάζονται.

81 1464 126 1499 20
250 1455 373 1496 Δοκῶ
400 1467 493 1505 μοι,
537 1448 573 1493 αἲ
601 1455 769 1494 πολῖται
805 1455 877 1493 καί
922 1452 976 1492 δι’
1016 1445 1124 1492 ὅλων
1148 1453 1476 1503 συναεθλευταί,
1506 1453 1579 1493 καί

136 1517 257 1575 ὑμεῖς
286 1520 345 1573 δέ,
373 1512 408 1560 ὦ
434 1519 645 1573 νεήλυδες,
674 1513 972 1573 ἠκριβωσάμην
998 1515 1238 1572 διαγράψας
1267 1514 1317 1558 τοὶ
1343 1518 1439 1558 καθ’
1467 1516 1576 1571 ἡμᾶς

136 1685 323 1723 percussae
363 1679 400 1708 et
427 1675 611 1708 andaciam
635 1683 803 1707 summam
834 1677 1022 1718 expertae3
1060 1677 1243 1718 praeterea
1275 1672 1320 1705 de
1346 1673 1477 1716 ineptis
1499 1673 1574 1706 illis

137 1722 368 1758 concursibus
393 1722 778 1766 cursitationibusque,
804 1731 890 1765 quas
916 1725 1028 1753 aestas
1066 1720 1227 1765 proxima
1253 1719 1356 1761 vidit,
1378 1719 1471 1752 nihil
1494 1720 1575 1753 illas

137 1772 258 1806 utiles.

230 1818 363 1851 Verum
387 1820 428 1848 ut
456 1813 554 1847 haud
587 1818 752 1859 oporteat
796 1814 861 1846 ista
899 1813 1045 1858 quidem
1070 1813 1202 1846 leviora
1239 1812 1501 1846 commemorari
1529 1813 1574 1846 ab

138 1865 285 1899 homine
311 1865 418 1902 iusto,
444 1862 579 1907 quippe
604 1872 751 1907 quorum
778 1860 911 1893 mentio
940 1859 1077 1892 inutilis
1102 1860 1149 1893 sit
1174 1859 1379 1892 hominibus
1403 1861 1573 1905 implaca-

136 1912 294 1951 bilibus,
323 1908 385 1943 sed
414 1910 520 1942 etiam
544 1913 636 1941 terra
663 1908 805 1951 obtegi:
845 1907 1084 1950 gravissimum
1120 1911 1214 1940 certe
1241 1906 1494 1940 recensendum
1520 1913 1575 1941 est

137 1961 175 1993 in
202 1958 315 1992 causis
340 1956 679 2001 perniciei‘nostrae
702 1979 712 1996 ‚
735 1959 877 1987 mutuae
902 1952 946 1986 de
972 1953 1088 1993 rebus,
1115 1952 1159 1986 de
1187 1954 1315 1998 quibus
1339 1954 1484 1986 minime
1507 1953 1573 1987 de-

137 2005 266 2047 cebat,
295 2003 576 2042 susurrationes,
617 2013 708 2047 quae
744 2002 933 2034 clamorem
974 2000 1172 2033 certaminis
1198 2000 1437 2034 exitiosissimi
1467 2000 1573 2034 nobis

138 2054 361 2093 enitar-unu
395 2051 581 2096 pignorum
609 2049 891 2089 interversiones‚
929 2047 1058 2093 quibus
1083 2046 1186 2080 ditati
1206 2059 1335 2089 sumus,
1361 2058 1573 2093 quamquam

138 2100 198 2134 hie
219 2100 275 2132 illi
303 2098 442 2138 rident,
468 2098 528 2143 qui
568 2097 770 2130 etiamnunc
793 2095 992 2129 divitiarum
1017 2100 1173 2128 amantes
1208 2101 1312 2137 sunt3
1338 2095 1570 2128 infitiationes

138 2147 354 2193 pactionum,
379 2144 510 2190 quibus
534 2145 716 2189 praelucet
746 2142 961 2177 venerabilis
994 2143 1104 2175 crucis
1131 2142 1266 2186 imago,
1293 2141 1422 2176 deinde
1446 2142 1571 2175 subse-

139 2195 262 2240 quitur
285 2193 390 2226 etiam
417 2192 552 2225 mentio
587 2196 729 2224 sanctae
762 2190 931 2223 trinitatis
967 2189 1070 2222 unius
1099 2194 1134 2223 et
1159 2190 1414 2234 omnipotentis
1439 2188 1496 2223 dei
1526 2189 1571 2222 ab

140 2247 293 2286 utroque
322 2239 515 2284 perscripta
530 2239 796 2284 paciscentium,
823 2237 1094 2281 pactionemque
1109 2236 1336 2270 iureiurando
1361 2237 1571 2270 confirman-

139 2290 252 2323 tium:
280 2297 370 2332 quae
408 2297 460 2318 res
487 2290 634 2331 propter
659 2285 788 2317 crimen
825 2284 970 2329 periurii
998 2283 1102 2316 deum
1126 2284 1322 2317 necessario
1348 2283 1452 2316 nobis
1476 2283 1572 2318 infe-

139 2342 232 2370 stum
260 2334 356 2367 fecit.

241 2379 339 2427 Quid
364 2389 486 2412 causas
512 2379 676 2412 miseriae
700 2379 786 2411 alias
812 2379 942 2411 multas
967 2388 1170 2423 persequar,
1197 2377 1258 2410 ubi
1284 2375 1385 2409 deest
1409 2377 1574 2422 tempus?

142 2428 291 2462 sufficiat
314 2427 509 2467 monuisse,
534 2426 638 2459 deum
655 2426 782 2459 iustum
803 2430 838 2457 et
853 2425 1011 2458 iustitiae
1034 2431 1210 2458 amantem
1235 2434 1325 2456 esse:
1355 2434 1464 2468 quare
1490 2424 1574 2456 nul-

140 2477 210 2509 lam
243 2475 306 2507 ille
332 2473 615 2506 communionem
650 2472 759 2506 habet
782 2483 858 2504 cum
884 2471 1085 2505 hominibus
1101 2498 1110 2513 ,
1140 2472 1201 2517 qui
1227 2471 1370 2514 ingenio
1410 2470 1572 2504 dissimili

139 2528 240 2563 sunt,
266 2532 383 2565 neque
419 2519 570 2553 cessabit
601 2531 756 2564 unquam
784 2519 889 2551 variis
917 2519 981 2551 viis
1007 2519 1173 2552 insectari
1194 2528 1327 2558 omnes,
1351 2518 1414 2562 qui
1442 2518 1480 2551 in
1502 2529 1572 2551 nu-

139 2581 236 2602 mero
263 2569 474 2600 iniustorum
498 2565 820 2611 deprehendentur.

233 2614 367 2647 Videor
390 2612 489 2653 mihi,
516 2615 608 2646 cives
633 2619 707 2646 tum
735 2614 800 2646 rite
820 2611 1006 2644 nobiseum
1030 2611 1237 2651 militantes,
1262 2615 1336 2643 tum
1354 2621 1428 2650 vos,
1452 2621 1571 2644 recens

124 2659 344 2707 conscripti,
372 2665 531 2694 accurate
552 2665 588 2693 et
610 2661 759 2694 solerter
773 2659 975 2704 exposuisse
993 2669 1046 2692 res
1064 2663 1212 2698 nostras,
1238 2662 1274 2690 et
1297 2658 1398 2703 quasi
1420 2658 1572 2702 imagine
