1806 3158
277 132 338 176 50
664 113 889 186 [LssoNis
928 111 1306 184 GRAMMA‘HCI]

267 232 484 289 Ἑβραίους
526 233 948 285 καταδουλωσάμενος
995 233 1054 279 εἰς
1103 228 1176 285 την
1207 227 1423 284 Ἑλληνίδα
1463 229 1714 283 μεταβάλλει

276 300 419 356 φωνην
447 302 492 341 ἐκ
523 301 594 353 τῆς
615 300 831 352 Ἓᾘραῖδος
858 299 934 347 τὰς
951 299 1070 347 θείας
1096 296 1275 352 γραφάς,
1303 294 1376 337 καί
1398 298 1613 339 ποιοῦνται
1641 297 1716 351 τήν

273 367 496 422 ἑρμηνείαν
541 363 687 422 ἄνδρες
718 363 997 419 ἑβδομήκοντα
1035 365 1079 405 ἐν
1106 363 1232 419 σοφία
1262 361 1376 416 παρὰ
1404 367 1493 411 τοῖς
1510 363 1716 416 Ἑβραίοις

275 433 581 486 ἐπαινούμενοι.
637 432 709 485 τῆς
735 429 856 480 θείας
884 425 957 472 οὖν
978 432 1142 486 γραφῆς
1167 427 1491 484 ερμηνευθείσης
1518 432 1590 471 κατ’
1612 428 1717 472 οἴνα·

276 500 533 554 γνωσθείσης
569 499 828 551 ἐκπλαγῆναί
861 512 906 538 τε
948 495 1019 538 τὸν
1066 497 1242 549 βασιλέα
1272 493 1342 535 ε’πί
1382 495 1436 551 τῷ
1465 490 1610 546 κάλλει
1632 495 1750 538 τῶνὸ

276 566 404 607 θείων
434 565 579 617 λογίων
622 565 695 605 καί
731 561 886 612 πάντας
908 561 1003 611 τούς
1039 563 1082 603 ἐν
1114 564 1233 602 τέλει.
1290 558 1488 615 παρόντος
1517 555 1593 602 οὖν
1622 561 1719 601 Με-

278 630 459 685 νεδήμου
488 629 720 685 φιλοσόφου
751 631 824 671 καί
839 631 1083 683 Δημητρίου
1108 630 1346 682 Φαληρέως,
1373 627 1446 668 καί
1474 622 1720 677 θαυμαζόν-

278 714 359 739 των
389 698 462 750 την
495 695 674 747 δύναμιν
712 698 795 737 τῶν
825 694 979 748 λόγων,
1009 695 1223 749 ἠρώτησεν
1263 693 1285 734 ὅ
1315 690 1512 746 βασιλευς
1539 687 1603 733 ὅτι
1629 705 1719 732 τοι-

281 760 413 803 ούτων
443 764 523 803 τῶν
559 764 688 803 θείων
727 762 882 816 λόγων,
923 762 1009 809 πῶς
1053 760 1192 808 ου’ὸέἰς
1233 757 1452 811 ἱστορικῶν
1481 754 1510 812 ἢ
1539 759 1720 812 ποιητῶν

278 829 468 882 ἐμνήσθη
497 827 661 880 αὕτῶνς
701 829 773 868 καί
816 829 1024 882 ἀπεκρίθη
1065 824 1313 881 Λημήτριος
1353 822 1418 866 ὅτι
1458 823 1596 874 οὐδείς
1621 837 1719 864 ποτε
1734 831 1776 866 10

278 892 479 950 ἐτόλμησε
510 891 668 935 τούτων
697 890 894 947 ἅψασθαι
935 892 1005 934 διὰ
1037 891 1082 933 τὸ
1113 894 1186 933 καί
1216 890 1459 943 Θεόπομπον
1485 891 1721 944 θελήσαντα

278 962 377 1014 περὶ
406 956 543 1001 αὐτῶν
589 958 896 1016 παραφροσύνῃ
941 960 1224 1013 κρατηθῆναι,
1266 958 1337 998 καί
1382 952 1482 1011 ὄναρ
1517 956 1618 998 ἰδεῖν
1658 950 1722 994 ὅτι

279 1028 401 1067 τοῦτο
431 1026 546 1081 αὐτῷ
585 1027 821 1080 συμβέβηκε
848 1026 1211 1080 περιεργασαμὲνῳ
1248 1022 1298 1065 τοὶ
1325 1026 1438 1077 θεῖα,
1466 1023 1539 1063 καί
1568 1018 1723 1063 &⁸66⁸-

280 1107 375 1133 κτον
401 1090 472 1133 τὸν
513 1093 751 1148 τραγῳδιῶν
779 1090 949 1146 ποιητὴν
995 1093 1038 1132 ὲν
1067 1088 1130 1132 fevi
1166 1090 1350 1143 δράματι
1377 1089 1615 1143 μνησθέντα
1640 1088 1724 1127 τῶν

280 1157 407 1211 ἱερῶν
435 1156 591 1199 τούτων
617 1158 791 1211 βιβλίων
820 1160 1115 1212 τυφλωθῆναι·
1172 1152 1388 1207 ἑκατέρους
1418 1155 1464 1196 δὲ
1495 1151 1722 1206 οἷποιχομέ-
1737 1158 1779 1192 15

280 1238 377 1272 νους
405 1225 479 1264 τοῦ
523 1221 781 1278 τολμήματος
812 1224 884 1265 καί
910 1221 953 1265 τὸ
993 1226 1108 1264 θεῖον
1150 1214 1540 1275 ὲξευμενισαμένους
1593 1218 1725 1274 ὑγιεῖς

281 1291 489 1344 γενέσθαι.

391 1359 656 1407 Πτολεμαῖος
695 1357 740 1396 δὲ
785 1352 808 1394 o‘
839 1351 1067 1408 εὐεργέτης,
1097 1353 1118 1394 ὅ
1141 1354 1215 1395 τοῦ
1246 1353 1509 1408 φιλαδέλφου
1540 1348 1612 1392 καὶ
1639 1351 1725 1392 Ev‘-

283 1423 455 1476 ρυὸίκης
484 1421 570 1462 καῖ’
590 1419 832 1475 Ἀρσινόης,
877 1422 1146 1471 ἐβασίλευσεν
1176 1418 1246 1473 ἔτη
1277 1419 1348 1467 κς’.
1421 1415 1526 1459 κατὰ
1556 1415 1725 1464 τούτους

282 1485 377 1535 τούς
403 1486 582 1540 χρόνους
617 1484 775 1541 Ἰησοῦς
805 1486 825 1527 ὁ
854 1489 928 1528 τοῦ
948 1485 1094 1539 Σιροίχ,
1124 1483 1144 1525 ὃ
1175 1485 1250 1539 τήν
1277 1483 1438 1538 ,Σοφίαν
1464 1484 1725 1537 συγγράψας,
1737 1487 1782 1522 20

284 1554 382 1605 παρ’
406 1550 610 1606 Ἑβραίοις
647 1553 898 1606 ἑγνωρίζετο.
974 1556 1237 1603 Πτολεμαῖος
1274 1549 1295 1590 ὃ
1330 1546 1572 1604 φιλοπάτωρ
1602 1545 1624 1587 ὅ
1655 1548 1727 1588 τοῦ

285 1620 504 1672 εὐεργέτου
529 1618 632 1670 υἱός,
663 1618 932 1671 ἐβασίλευσεν
961 1615 1032 1672 ἔτη
1062 1616 1126 1667 ιζ’.
1194 1615 1263 1657 ἐπὶ
1288 1614 1437 1656 τούτου
1467 1612 1488 1655 ὁ
1515 1612 1618 1662 λαός
1644 1613 1728 1653 τῶν

379 1734 412 1767 9.
440 1734 528 1779 τῶν]
559 1734 676 1770 σ’ντιόν
702 1735 803 1770 miv?
958 1734 1008 1767 11.
1036 1733 1252 1779 θἐὁπεμπον
1277 1732 1344 1766 cod
1524 1729 1578 1763 14.
1602 1729 1677 1766 τῶν
1701 1727 1728 1762 C

382 1783 435 1815 15.
462 1781 765 1830 ἀποσχομένους-’ἒ
885 1780 937 1814 19.
966 1784 1043 1826 καὶ]
1070 1782 1156 1824 vic?

290 1894 460 1937 regnavit.
507 1894 566 1927 hic
590 1895 742 1927 subactis
769 1895 939 1927 Hebraeis
965 1895 1002 1927 in
1029 1905 1183 1938 graecam
1211 1894 1365 1936 linguam
1399 1903 1442 1924 ex
1469 1889 1643 1923 Hebraico
1670 1889 1727 1922 di·-

289 1942 371 1974 vina
407 1941 535 1986 scripta
571 1943 770 1983 transtulit3
813 1943 1142 1986 interpretationem
1182 1941 1343 1973 fecerunt
1383 1939 1447 1971 viri
1475 1937 1518 1971 70
1551 1936 1728 1981 sapientia

290 1988 387 2033 apud
411 1989 590 2022 Hebraeos
619 1989 786 2032 insignes.
844 1990 1011 2021 translata
1038 1989 1143 2033 igitur
1180 1987 1301 2020 diviua
1329 1986 1458 2030 scripta
1484 1996 1560 2018 cum
1588 1983 1729 2028 praele-

291 2041 458 2078 gerentur
484 2035 683 2080 perculsum
711 2046 785 2068 esse
813 2036 913 2069 aiunt
945 2036 1139 2068 divinarum
1169 2034 1422 2067 sententiarum
1461 2029 1728 2075 pulchritudine

291 2093 409 2125 regem
433 2093 626 2126 omnesque
653 2083 885 2125 magistratus.
946 2082 1192 2128 praesentibus
1227 2086 1345 2113 autem
1370 2077 1581 2112 Menedemo
1609 2076 1730 2122 philo-

292 2129 405 2173 sopho
433 2135 468 2162 et
491 2130 671 2162 Demetrio
698 2130 880 2170 Phalereo,
913 2135 949 2162 et
976 2128 1232 2162 admirantibus
1256 2127 1441 2160 verborum
1466 2126 1547 2165 vim,
1574 2124 1729 2156 interro-

292 2175 386 2219 'gavit
411 2187 483 2216 rex,
507 2187 617 2220 quare
647 2176 846 2209 divinorum
873 2176 999 2210 horum
1025 2175 1213 2208 verborum
1244 2174 1364 2206 nullus
1394 2172 1643 2205 historicorum
1671 2170 1730 2202 vel

291 2227 477 2267 poetarum
502 2225 719 2256 mentionem
749 2223 886 2256 feeerit.
937 2223 1120 2268 respondit
1140 2222 1339 2255 Demetrius
1364 2220 1542 2252 neminem
1573 2228 1729 2263 unquam

293 2281 416 2302 ausum
443 2281 518 2302 esse
545 2281 585 2302 ea
610 2272 793 2313 attingere,
819 2270 916 2315 quod
936 2270 1003 2303 hoc
1027 2274 1175 2302 conatus
1202 2269 1456 2312 Theopompus
1475 2265 1612 2298 insania
1638 2269 1732 2296 esset

292 2317 461 2361 punitus,
498 2322 534 2349 et
572 2318 745 2350 somnium
777 2317 939 2359 vidisset,
963 2317 1131 2349 accidisse
1158 2315 1226 2348 sibi
1252 2315 1325 2354 illa,
1360 2314 1443 2359 quia
1469 2312 1588 2345 divina
1612 2322 1732 2344 curas-

294 2368 366 2405 θείη
390 2368 465 2396 tum
491 2363 588 2408 quod
618 2363 845 2397 Theodectus
872 2364 1071 2408 tragoedus,
1110 2363 1203 2395 facta
1239 2362 1276 2394 in
1312 2360 1467 2393 dramate
1493 2358 1648 2404 quodam
1674 2368 1733 2390 sa-

296 2421 437 2442 crorum
476 2410 601 2443 horum
638 2411 807 2444 librorum
843 2413 1022 2444 mentione
1061 2415 1264 2443 excaecatus
1299 2413 1414 2450 esset3
1450 2406 1512 2439 sed
1542 2411 1731 2450 utrumque

297 2457 420 2490 relicto
444 2459 638 2490 tentamine
659 2470 764 2502 quum
792 2470 825 2490 re
853 2458 973 2491 divina
999 2457 1264 2493 abstinuissent,
1289 2460 1430 2486 sanatos
1455 2464 1543 2486 esse.

388 2504 607 2537 Ptolemaeus
646 2511 856 2548 enei-getes,
898 2506 992 2537 filius
1025 2503 1249 2549 philadelphi
1278 2507 1314 2534 et
1341 2500 1530 2543 Eurydices
1570 2498 1733 2532 Arsinoes

297 2549 407 2591 filiae,
430 2550 477 2584 26
501 2562 611 2584 annos
642 2553 809 2595 regnavit.
870 2552 925 2584 his
958 2550 1175 2595 temporibus
1212 2551 1332 2590 lesus,
1369 2546 1491 2580 Sirach
1523 2546 1641 2586 filius,
1668 2543 1734 2589 qui

299 2597 517 2641 Sapientiam
539 2599 746 2644 conseripsit
770 2599 864 2643 apud
892 2598 1071 2632 Hebraeos
1093 2589 1264 2630 innotuit.
1318 2596 1539 2629 Ptolemaeus
1563 2591 1734 2637 philopa-

299 2648 365 2685 tor,
394 2646 563 2689 euergetis
589 2646 682 2678 filius
705 2646 744 2679 17
771 2657 883 2678 anuos
911 2645 1078 2688 regnavit.
1130 2645 1194 2677 sub
1218 2643 1287 2676 hoc
1311 2642 1553 2676 Hebraeorum
1577 2639 1733 2684 populus

300 2692 457 2736 captivus
484 2693 521 2726 in
549 2695 743 2739 Aegyptum
771 2693 964 2733 abductus,
992 2691 1083 2725 hauc
1119 2692 1297 2725 fortunam
1321 2694 1488 2736 expertus
1519 2691 1583 2721 est.
1632 2685 1737 2719 iussit
