1838 3132
275 154 347 194 DE
370 152 770 196 THESSALONICA
795 152 833 195 A
856 152 1063 195 LATINIS
1089 153 1279 196 CAPTA.
1421 147 1515 197 497

87 249 143 300 ὥς
169 251 216 293 δὲ
243 254 316 293 καί
335 250 443 305 ἱεροί
469 248 628 307 ἄνδρες,
656 254 810 307 α’γαθοί
833 251 877 294 τὸ
910 248 1018 307 ἦθος·
1038 255 1110 294 καί
1128 247 1206 293 οἷοι
1232 251 1289 307 μὴ
1323 256 1519 305 παλαμᾶ-

81 319 188 359 σθαι
215 316 265 358 τά
296 317 355 372 μή
387 320 532 361 δέοντα
551 354 561 372 ,
592 317 819 372 συνήραντο
847 319 1077 371 ἐγκρατῶς,
1118 317 1191 361 καὶ
1218 317 1371 367 πάντες
1397 320 1519 360 ἐλάτ-

82 396 183 431 τους
208 378 314 437 ἦσαν
356 386 429 437 τῆς
470 386 546 434 τοῦ
584 382 699 438 ἱεροῦ
738 387 879 436 σι’γνου
907 382 1074 437 ἰσχύος,
1111 386 1184 427 καί
1216 383 1292 424 οὐκ
1330 387 1517 426 ἐπείθετο

83 447 287 490 εἰσελθεῖν
311 450 404 491 ἄλλ’
423 444 474 502 ἦν
499 450 557 499 ὥς
583 450 713 491 εἰπεῖν
741 449 963 504 α’φόρητον,
981 447 1209 503 ὑπέρχεται
1233 450 1359 505 φόβος
1385 446 1518 492 ἅπαν-

49 519 179 569 5τᾳς,
209 509 306 555 ὅσον
334 515 464 568 ἐχρῆν
492 518 665 568 παθεῖν,
705 515 959 569 ἐχέφρονας,
999 514 1072 556 καί
1102 516 1412 569 α’ναπρήσαντες
1445 513 1518 556 δά·

81 593 201 631 κρναι
219 575 401 631 ὕψωσαν
429 580 676 632 κλαυθμόν,
709 581 781 621 καί
823 578 964 635 φωνάς
998 582 1160 634 ἐπῆραν
1189 581 1293 635 πρὸς
1319 579 1388 622 τὸν
1418 578 1520 634 ὕψι-

81 657 181 687 στον
206 643 301 686 υἱὸν
328 646 398 698 τῆς
427 643 638 699 πανάγνου
661 646 831 701 μητρός.
886 648 959 688 καί
995 647 1070 688 οὕκ
1097 648 1313 700 ἐνέδωκαν,
1343 645 1421 696 ἕως
1446 647 1519 688 τοῦ

82 711 257 767 σημεῖον
286 706 367 765 ἤδη
408 712 746 764 διαδειχθέντος,
773 708 860 753 εἶτα
888 711 1012 764 μόνος
1039 712 1059 754 ὃ
1087 714 1306 765 βαστάζων
1335 713 1520 766 οἷβάρυν-

82 789 151 822 τος
174 776 252 817 ’καί
275 774 618 830 ἅπαραπόδιστος
645 772 775 831 ἤγαγε
801 776 848 818 τὸ
878 775 994 831 ἅγιον
1024 777 1240 834 μόρφωμα
1267 777 1371 820 ἔνθα
1400 780 1519 832 ἵδρυ-

28 853 165 895 ιοται.
237 842 310 883 καί
342 841 477 891 ἐδόκει
512 844 591 894 μὲν
619 842 691 884 καὶ
725 843 844 885 τοῦτο
878 839 962 891 τοῖς
988 845 1192 897 γενναίοις
1221 850 1391 899 φρονεῖν
1419 847 1519 886 ἐλα-

83 906 217 963 φρόν·
273 907 391 961 ἡμεῖς
411 910 456 950 δὲ
485 906 523 950 οἱ
555 909 748 958 ἀσθενεῖς
779 908 1085 964 ε’βαρυνόμεθα,
1116 909 1387 960 ὑπονοοῦντες
1415 909 1518 953 ὅπου

83 970 197 1014 νεύει
224 972 276 1014 τὰ
303 975 376 1015 τοῦ
403 974 657 1028 πράγματος.

187 1038 482 1092 Ἀπεκρίναντο
521 1039 593 1081 καί
617 1038 668 1082 τὰ
711 1038 806 1095 ἱεροὶ
844 1040 961 1093 λόγια
992 1041 1036 1089 ἐξ
1065 1039 1303 1095 ἐρωτήσεως
1329 1041 1380 1082 τοὶ
1411 1037 1521 1082 ἄπο-

81 1103 226 1157 βάσεις
266 1107 347 1146 ταῖν
373 1106 420 1147 ’ἐν
444 1106 503 1161 τῷ
528 1108 738 1161 μέλλοντι,
764 1104 839 1160 τήν
869 1104 1026 1148 ἅλωσιν
1045 1137 1057 1158 ,
1084 1104 1175 1159 τήν,
1189 1105 1351 1160 ἡμέραν
1382 1103 1521 1163 αὐτῆς,

0 1211 3 1215 ,
27 1178 71 1216 15
82 1168 129 1211 τὸ
153 1168 516 1225 κατακοπήσεσθαι
543 1170 666 1224 ἡμᾶς.
724 1167 760 1211 αἲ
786 1173 1041 1227 προφητικῆς
1083 1171 1318 1226 εὖκρινείας
1344 1171 1521 1226 ἐκείνης·

81 1230 119 1277 ὦ
147 1236 450 1291 α’νεπικρύπτου
493 1235 742 1291 α’ποφοίσεως
787 1238 860 1279 καί
901 1235 957 1291 μή
998 1238 1296 1292 ἑπισυρομένης
1336 1238 1521 1288 λόξωσιν.

81 1302 155 1344 καί
180 1298 300 1355 ἡμεῖς
329 1300 607 1357 ε’κωφεύομεν.

124 1383 127 1386 ’
187 1361 268 1409 Ἦν
296 1369 523 1422 τηνικαῦτα
556 1367 708 1424 καιρός,
738 1367 852 1422 παρὰ
889 1367 937 1410 τοὶ
966 1373 1184 1410 τελευταῖα
1212 1367 1284 1423 τῆς
1313 1367 1522 1422 ἁλώσεως,

79 1430 152 1475 καὶ
171 1431 397 1487 περικοπὰς
435 1433 702 1486 εὐαγγελικὰς
744 1435 809 1475 ἐπ’
854 1433 1070 1488 ἐκκλησίας
1110 1435 1414 1489 ἐκφωνεῖσθαι,
1463 1436 1518 1476 δι’

25 1494 142 1547 ηοῶν
168 1497 218 1540 τοὶ
251 1499 324 1553 τῆς
355 1497 465 1540 Σιών
495 1502 876 1555 στηλογραφοῦνται
904 1499 1022 1542 κακά.
1080 1502 1151 1542 καί
1179 1498 1215 1540 οἱ
1244 1499 1323 1540 ἔσω
1354 1502 1519 1555 φρενῶν

81 1564 314 1620 ἱερολογιάν
340 1563 442 1607 κατὰ
469 1567 542 1619 τῆς
570 1564 723 1614 πόλεως
751 1563 950 1607 ὑπενόουν
981 1566 1104 1607 αὐτά.
1163 1564 1276 1616 ἔδοξε
1300 1569 1359 1622 τῷ
1387 1563 1519 1621 ἄρχη-

80 1632 140 1687 γῷ
165 1632 405 1685 τηνικαῦτα,
434 1626 502 1673 οἷα
522 1633 603 1672 ταῖν
616 1634 897 1685 στρατηγικῶν
923 1630 1190 1686 ἀπεγνωκότι,
1219 1631 1519 1674 διατάττεσθαι

86 1831 259 1877 gestabat,
290 1832 383 1865 ultro
413 1833 527 1878 ipsum
558 1832 626 1866 ista
651 1832 887 1873 comminisci,
914 1831 1210 1877 quemadmodum
1232 1831 1335 1864 multi
1364 1833 1516 1875 praesti-

85 1879 148 1922 giis
173 1877 419 1921 delectantur3
444 1889 564 1912 verum
589 1889 699 1924 quum
726 1879 829 1912 etiam
855 1880 943 1912 sacri
969 1878 1149 1920 homines,
1178 1878 1314 1910 morum
1338 1878 1516 1922 probitate

86 1925 164 1958 noti
189 1931 227 1958 'et
248 1926 311 1970 qui
336 1931 474 1971 patrare
503 1925 601 1971 quod
628 1925 727 1958 nefas
756 1931 848 1958 esset
885 1935 959 1957 non
982 1930 1137 1970 possent,
1165 1936 1268 1969 opem
1295 1925 1427 1957 ferrent
1450 1935 1516 1968 pro

83 1971 240 2012 viribus,
273 1978 310 2005 et
344 1983 465 2006 omnes
497 1972 706 2006 infirmiores
742 1977 860 2006 essent
883 1972 973 2004 sacri
997 1973 1086 2016 signi
1113 1973 1295 2016 potentia,
1331 1982 1398 2003 nec
1424 1969 1517 2004 illud

82 2019 218 2052 moveri
235 2024 373 2064 posset,
398 2026 438 2053 ut
462 2020 623 2058 intraret,
651 2018 723 2058 sed,
748 2025 788 2052 ut
803 2020 852 2052 ita
873 2018 997 2058 dicam,
1017 2019 1193 2051 obstinate
1215 2018 1403 2057 resisteret,
1428 2029 1518 2061 pru—

83 2064 227 2098 dentem
254 2077 433 2111 quemque
457 2067 563 2099 timor
586 2066 740 2105 incessit,
766 2064 855 2111 quid
880 2066 1015 2098 civitati
1033 2065 1240 2110 patiendum
1267 2065 1369 2104 foret,
1400 2069 1436 2096 et
1464 2065 1517 2096 la-

84 2113 208 2145 crimas
231 2112 435 2154 fundentes,
461 2123 584 2146 vocem
602 2113 861 2158 clamoremque
876 2112 1010 2145 tollunt
1023 2112 1067 2145 ad
1095 2122 1266 2145 summum
1288 2111 1407 2143 matris
1435 2121 1517 2143 san-—

85 2159 263 2192 ctissimae
290 2160 427 2202 filium3
464 2171 530 2193 nec
553 2159 779 2201 destiterunt,
806 2158 944 2200 donec,
972 2159 1069 2203 signo
1095 2160 1259 2203 cognito,
1285 2159 1326 2197 is,
1351 2158 1412 2202 qui
1438 2168 1515 2190 eam

83 2205 265 2250 gestabat,
290 2207 385 2239 solus
410 2207 487 2240 sine
514 2206 679 2239 molestia
706 2212 742 2239 et
769 2204 1022 2250 impedimento
1061 2217 1190 2238 sacram
1215 2206 1402 2249 imaginem
1435 2205 1513 2236 loco

83 2263 147 2286 suo
175 2253 373 2286 collocavit.
420 2253 489 2286 hoc
523 2264 667 2298 quoque
692 2252 897 2286 hominibus
931 2253 1047 2286 sciolis
1088 2252 1165 2286 leve
1203 2252 1316 2285 visum
1353 2256 1425 2292 est3
1448 2262 1514 2283 nos

83 2304 214 2339 autem,
240 2297 403 2333 homines
427 2301 563 2333 scilicet
589 2300 742 2341 infirmi,
766 2299 1026 2344 affligebamur,
1051 2299 1237 2345 suspicati,
1265 2309 1432 2344 quorsum
1462 2308 1514 2330 res

82 2345 145 2378 illa
169 2351 354 2390 spectaret.

177 2393 384 2426 Docuerunt
412 2393 515 2426 etiam
536 2404 631 2426 sacra
656 2393 806 2432 oracula,
833 2403 924 2437 quae
949 2393 1231 2432 consulerentur,
1257 2391 1374 2424 futura
1401 2401 1516 2423 rerum

83 2443 222 2477 eventa,
248 2440 566 2484 expugnationem,
594 2439 750 2474 eiusdem
776 2439 882 2480 diem,
909 2449 1091 2472 aerumnas
1114 2443 1263 2471 nostras.
1314 2449 1334 2470 o
1359 2436 1516 2482 prophe-

82 2485 186 2518 ticam
212 2485 311 2518 illam
328 2487 636 2531 perspicuitatem!
665 2499 685 2520 ο
709 2487 807 2519 illam
821 2497 887 2519 nec
904 2485 1085 2520 obscuram
1100 2496 1166 2518 nec
1191 2484 1372 2530 obliquam
1399 2493 1516 2516 rerum

82 2531 387 2576 praedictionem!
436 2538 473 2566 at
495 2539 636 2567 nosmet
659 2533 753 2567 surdi
783 2543 931 2566 eramus.

197 2579 281 2613 Erat
314 2584 414 2620 tum,
442 2579 508 2612 sub
532 2580 639 2613 finem
667 2580 949 2626 expugnationis,
978 2584 1137 2623 tempus,
1166 2588 1236 2623 quo
1261 2577 1454 2610 recitantur
1477 2577 1516 2609 in

83 2624 241 2657 ecclesiis
281 2626 396 2670 capita
438 2627 662 2669 evangelica,
702 2627 831 2672 quibus
868 2626 959 2659 mala
989 2626 1073 2658 Sion
1115 2629 1353 2657 recensentur.
1411 2633 1515 2656 sanae

81 2672 210 2704 mentis
237 2671 398 2705 homines
428 2684 559 2705 sacram
585 2684 660 2707 eam
685 2675 930 2707 recitationem
957 2671 1000 2705 ad
1028 2672 1149 2705 urbem
1175 2675 1333 2715 spectare
1360 2669 1517 2714 suspica-

82 2716 221 2753 bantur.
269 2719 382 2751 visum
405 2724 480 2752 tum
510 2726 562 2754 est
589 2719 671 2754 duci
697 2726 831 2762 nostro,
847 2725 972 2766 utpote
996 2718 1040 2752 de
1065 2730 1100 2751 re
1130 2716 1275 2750 militari
1302 2715 1516 2762 desperanti,

154 2789 225 2824 Leo
253 2792 527 2827 Grammaticus.
1228 2788 1274 2823 32
