1838 3132
231 117 322 167 140
613 107 842 181 [morus
882 128 957 167 Gn
965 106 1269 180 AMMA'ncn]

222 230 311 274 τοῖς
335 224 547 277 πολεμίοις
576 226 632 266 δι’
656 226 706 278 ἢν
732 225 964 279 α’νταρσιάν
993 225 1078 266 κατ’
1107 223 1238 265 αὖτοῧ
1266 224 1540 278 ἐμελέτησαν·
1569 218 1669 278 ὅπερ

222 290 295 334 καί
321 293 471 345 γέγονε.
525 289 771 346 συνελήφθη
802 286 877 333 οὖν
904 293 1062 344 πλῆθος
1088 287 1209 343 πολύ,
1239 288 1311 331 καὶ
1337 285 1487 343 ἤγαγον
1516 287 1671 337 αὐτοὺς

223 356 263 399 οἱ
294 356 461 399 Σκύθαι
490 359 745 411 ἑξωνηθῆναι
782 356 896 411 παρὰ
919 357 1151 409 Ῥωμαίων.
1209 355 1392 410 ἐδήλωσε
1421 357 1466 397 δὲ
1497 353 1518 396 ὅ
1543 359 1669 408 βασι-

222 423 317 473 λεύς
343 425 401 480 τῷ
428 424 610 479 Χαγάνῳ
654 423 818 476 δωρεὰν
861 420 974 480 αὐτῷ
1015 422 1170 472 πάντας
1211 423 1491 476 α’πολυθῆναι,
1530 423 1573 463 εἰ
1595 420 1670 476 τήν

220 489 386 544 εἰρήνην
413 494 533 544 φιλεῖ
539 505 548 514 ·
619 486 641 529 ὅ
687 490 734 530 δὲ
765 488 1048 544 ἀπεδήλωσεν
1083 489 1350 539 “α’ποδι’δωμι’
1377 486 1536 536 πάντας
1561 485 1705 530 κατάὃ

219 555 365 609 ψυχήν
402 554 446 596 ἓν
483 553 668 607 νόμισμα
703 554 1009 609 κομιζόμενος.”
1063 557 1137 597 τοῦ
1165 557 1372 608 βασιλέως
1398 553 1456 607 μή
1490 555 1672 607 α’νασχο-

220 625 345 675 μένου
377 623 547 670 δοῦναι,
588 621 668 662 ἀνὰ
698 619 831 675 ἥμισυ
880 621 1066 674 νόμισμα
1107 616 1255 676 &glanae
1284 624 1427 673 λαβεῖν
1461 618 1481 660 ὁ
1510 619 1672 672 βάρβα·

223 704 316 742 ρος·
371 689 444 728 καὶ
470 688 577 742 μηδὲ
612 688 738 729 τοῦτο
784 689 1122 740 καταδεξαμένου
1160 690 1233 728 τοῦ
1265 688 1490 740 βασιλέως,
1523 689 1671 737 θυμω-

221 754 313 802 θείς
354 751 374 794 ὅ
413 753 631 807 βάρβαρος
660 753 870 795 ἀπέκτεινε
909 751 1107 807 χιλιάδας
1146 751 1308 794 δώδεκα
1345 753 1389 793 ἐν
1428 754 1485 809 τῷ
1522 749 1671 808 κοίμπῳ

218 822 294 862 τοῦ
322 820 618 872 τριβουναλιόυ
647 818 692 862 τὸ
722 815 770 860 ὂν
800 822 973 874 πλησίον
1001 821 1077 861 τοῦ
1106 815 1314 872 ἑβδόμου·
1371 814 1471 859 ὅθεν
1501 819 1547 860 ἐκ
1572 816 1668 858 τού-
1685 823 1728 859 10

215 900 291 927 του
323 883 508 938 ἐμισήθη
554 886 797 939 Μαυρίκιος
843 883 926 926 ὑπὸ
964 882 1147 926 πάντων.
1221 881 1243 924 ὅ
1275 885 1322 926 δὲ
1348 884 1668 938 μεταμεληθείς,

216 953 290 992 καί
316 950 363 992 τὸ
401 954 552 1004 μέλλον
591 951 803 1006 κριτήριον
843 951 1069 1006 ἐννοήσας,
1108 952 1239 993 εἵλετο
1280 952 1441 1003 μᾶλλον
1484 951 1671 992 ἐνταῦθα

216 1016 293 1070 τῆν
324 1016 531 1070 ἁμαρτίαν
560 1017 803 1070 α’πολαβεῖν,
832 1016 907 1058 καί
930 1015 989 1072 μή
1027 1017 1100 1059 ὲπί
1127 1018 1203 1058 τοῦ
1229 1019 1414 1073 φοβεροῦ
1440 1017 1671 1070 κριτηρίοις·

213 1082 286 1124 καί
312 1081 487 1137 ποιήσας
517 1081 680 1137 δεήσεις
709 1081 1214 1137 ἑγγράφουςνοῖπὲστειλεν
1243 1082 1303 1132 εἴς
1318 1098 1364 1125 τε
1392 1081 1492 1131 τούς
1522 1098 1672 1135 πατρι..

214 1149 422 1202 αρχικούς
461 1147 642 1202 θρόνους
683 1148 757 1191 καί
793 1149 853 1197 εἰς
894 1147 1129 1204 α’σκητήρια
1167 1151 1241 1190 καί
1278 1147 1539 1203 μοναστήρια
1566 1149 1671 1201 μετὰ
1685 1159 1728 1193 15

214 1214 363 1268 δώρων
393 1217 581 1269 πολλῶν,
617 1211 730 1264 ὅπως
774 1210 980 1266 εὔξωνται
1020 1216 1117 1268 περὶ
1145 1215 1293 1266 αὐτοῦ,
1325 1213 1394 1256 ἵνα
1423 1213 1498 1268 τήν
1529 1214 1673 1268 ἆμαρ-

213 1282 309 1322 τιάν
337 1282 526 1323 ἐνταῦθα
554 1278 762 1338 ἀπολάβῃ.
819 1281 1221 1336 προεσκανδαλίζετο
1254 1282 1302 1322 δὲ
1330 1282 1404 1322 καί
1429 1282 1488 1330 εἰς
1519 1283 1671 1324 Φιλιπ-

214 1345 338 1389 πικὸν
381 1344 574 1400 γαμβρόν
614 1349 747 1389 αὐτοῦ
774 1346 844 1389 διὰ
876 1346 920 1389 τὸ
951 1363 983 1402 φ
1014 1347 1213 1401 γράμμα·
1284 1343 1418 1396 οὕτως
1445 1344 1672 1401 γὰρ-εἶπον

214 1408 461 1469 Μαυρικίῳ,
491 1409 551 1453 ὅτι
581 1414 725 1465 μέλλει
754 1429 786 1468 φ
814 1412 944 1454 αὑτὸν
965 1414 1272 1467 διαδέχεσθαι·
1330 1412 1351 1454 o‘
1386 1414 1433 1455 δὲ
1462 1414 1516 1454 δι’
1533 1409 1670 1467 ὅρκων

214 1479 379 1519 πολλῶν
407 1478 690 1533 ἐπληροφόρει
733 1481 979 1532 Μαυρίκιον
1020 1478 1210 1534 καθαρὰς
1249 1475 1354 1522 εἶναι
1382 1481 1454 1534 τῆς
1482 1479 1728 1533 ὑποψιάς20

215 1544 382 1599 ταύτης.
450 1541 471 1584 ὁ
517 1546 564 1585 δὲ
596 1547 839 1599 Μαυρίκιος
867 1545 941 1587 τὸν
979 1545 1083 1588 θεὸν
1113 1543 1326 1594 ἱκετεύσας
1354 1546 1565 1602 ῥυσθῆιάι
1595 1547 1670 1599 τῆς

216 1609 438 1664 ἁμαρτίας,
464 1606 574 1651 εἶδεν
602 1611 794 1652 ἐνύπνιον
822 1613 1022 1667 τοιοῦτον,
1052 1612 1110 1660 ὥς
1138 1608 1205 1653 ὅτι
1225 1613 1333 1653 λαοῦ
1361 1614 1555 1654 πλείστου
1586 1627 1672 1652 πα-

217 1677 424 1730 ρεστῶτος
454 1677 507 1732 τῇ
535 1674 663 1718 εἰκόνι
695 1678 888 1731 Χριστοῦ
916 1679 960 1719 ἐν
988 1679 1043 1734 τῇ
1072 1680 1207 1734 χαλκῇ
1222 1677 1331 1735 πύλῃ
1359 1680 1437 1720 τοῦ
1466 1679 1669 1719 παλατιόυ

217 1740 336 1798 φωνὴ
366 1743 523 1796 ἐγένετο
553 1743 598 1783 ἐκ
640 1744 714 1797 τῆς
756 1741 912 1792 εἰκόνος
941 1746 1121 1798 λέγουσα
1158 1744 1363 1798 (ιᾰγάγετέ
1389 1760 1459 1798 μοι
1490 1743 1669 1798 111αυρί.

213 1929 334 1973 ipsum
358 1932 530 1961 moverat.
582 1927 680 1972 quod
707 1932 743 1961 et
767 1927 898 1962 factum
934 1933 998 1962 est.
1049 1932 1151 1973 capta
1175 1929 1283 1973 igitur
1311 1933 1365 1962 est
1389 1939 1515 1973 magna
1539 1928 1666 1962 multi·

215 1974 330 2016 tudo,
369 1980 406 2008 et
438 1973 618 2007 duxerunt
654 1986 714 2008 eos
737 1975 890 2019 Scythae
916 1981 956 2009 ut
982 1981 1184 2009 emerentur
1221 1987 1242 2008 a
1267 1976 1444 2009 Romanis.
1493 1975 1667 2009 indicavit

215 2027 334 2056 autem
366 2032 429 2054 rex
463 2022 651 2064 chagano,
687 2026 726 2055 ut
747 2023 849 2056 nullo
883 2023 1001 2068 pretio
1034 2022 1103 2056 sibi
1140 2034 1262 2056 omnes
1287 2022 1463 2063 redderet,
1489 2023 1517 2056 si
1545 2033 1668 2067 pacem

216 2073 377 2114 cuperet.
404 2068 467 2100 ille
492 2074 636 2102 contra:
662 2068 866 2110 “reddam,”
890 2071 1021 2116 inquit,
1049 2070 1105 2103 “si
1123 2081 1233 2103 unum
1258 2081 1322 2115 pro
1351 2070 1491 2113 singulo
1517 2069 1665 2103 homine

216 2127 398 2148 nummum
427 2116 635 2160 accepero-'¹
683 2115 783 2162 quod
811 2129 921 2162 quum
946 2128 1005 2150 rex
1033 2117 1117 2150 dare
1142 2117 1269 2158 nollet,
1295 2116 1482 2149 dimidium
1510 2117 1667 2161 pretium

216 2162 388 2196 barbarus
426 2173 463 2194 se
498 2163 659 2207 accipere
686 2164 780 2197 velle
813 2165 1035 2207 significavit,
1065 2169 1101 2197 et
1125 2176 1235 2210 quum
1262 2175 1309 2196 ne
1338 2163 1407 2196 hoc
1430 2163 1574 2209 quidem
1605 2174 1666 2196 rex

217 2210 339 2249 vellet,
363 2209 474 2242 iratus
499 2209 671 2243 barbarus
695 2211 878 2245 interfecit
900 2211 1087 2245 duodecim
1127 2211 1241 2244 millia
1263 2211 1301 2243 in
1326 2221 1450 2256 campo
1475 2210 1667 2244 tribunalis

218 2268 329 2302 prope
367 2256 553 2301 septimum
592 2257 810 2290 milliarium.
869 2259 936 2291 illo
973 2269 1017 2292 ex
1052 2263 1211 2303 tempore
1236 2256 1400 2290 omnibus
1433 2257 1566 2290 invisus
1590 2262 1667 2291 erat

218 2303 424 2336 Mauricius.
476 2303 553 2349 ipse
579 2315 675 2345 vero,
701 2316 810 2350 quum
835 2306 920 2339 facti
944 2316 1025 2338 eum
1047 2305 1273 2351 poeniteret,
1301 2304 1424 2336 iudicii
1452 2304 1562 2337 futuri
1591 2315 1667 2337 me-

217 2361 308 2391 mor,
330 2350 389 2383 hic
413 2351 542 2384 maluit
566 2357 713 2396 peccato
737 2363 774 2385 se
799 2351 964 2393 liberare,
988 2364 1092 2398 quam
1111 2352 1148 2384 in
1173 2350 1306 2384 iudicio
1324 2351 1495 2393 terribili3
1523 2356 1560 2384 et
1583 2361 1666 2396 pre-

219 2408 275 2430 ces
313 2398 443 2431 litteris
477 2398 626 2443 scriptas
662 2399 760 2432 misit
784 2399 830 2432 ad
863 2399 965 2432 sedes
1000 2398 1254 2445 patriarchales
1291 2404 1328 2431 et
1353 2397 1398 2430 ad
1435 2398 1606 2431 asceteria
1630 2400 1666 2431 el:

219 2445 433 2478 monasteria
458 2456 537 2478 cum
559 2446 681 2478 multis
709 2445 823 2487 donis,
853 2451 893 2479 ut
916 2457 981 2492 pro
1006 2457 1043 2479 se
1076 2450 1318 2491 precarentur,
1349 2457 1420 2490 quo
1444 2450 1588 2490 peccato
1616 2444 1666 2477 li·-

219 2491 414 2524 beraretur.
464 2492 684 2526 irascebatur
708 2504 790 2528 vero
818 2494 924 2526 etiam
949 2493 1151 2539 Philippico
1177 2503 1307 2536 genero
1333 2496 1478 2537 propter
1504 2495 1548 2527 Φ,
1566 2492 1665 2524 litte-

222 2548 318 2579 ram3
358 2538 536 2582 dixerant·
559 2540 654 2572 enim
681 2540 854 2572 Mauricio
873 2566 882 2579 ‚
919 2541 995 2574 fore
1029 2546 1069 2573 ut
1108 2542 1145 2573 Φ
1169 2550 1246 2571 eum
1273 2540 1475 2583 exciperet;
1496 2538 1575 2572 ·sed
1601 2538 1664 2570 ille

220 2584 340 2616 multis
367 2586 501 2620 iuribus
530 2586 687 2619 iurandis
714 2588 746 2619 ei
772 2587 964 2631 persuasit,
990 2593 1028 2620 ut
1052 2587 1143 2620 liber
1168 2591 1261 2619 esset
1288 2586 1332 2617 ab
1359 2586 1423 2618 hac
1448 2585 1662 2631 suspicione.

221 2630 411 2666 Mauricius
436 2639 597 2679 precatus
625 2646 644 2665 a
668 2633 749 2673 deo,
777 2642 815 2667 ut
840 2640 984 2678 peccato
1010 2634 1232 2671 liberaretur,
1260 2632 1325 2665 lior,
1354 2633 1531 2665 somnium
1555 2630 1664 2669 viam

220 2687 345 2721 magua
373 2685 510 2715 astante
549 2680 780 2715 multitudiue
819 2680 863 2713 ad
899 2681 1031 2715 Christi
1071 2681 1294 2715 simulacrum
1333 2680 1371 2713 in
1401 2686 1504 2726 porta
1528 2678 1664 2711 ahenea
