1838 3132
696 123 894 167 NOTAE.
922 150 925 154 -
1020 137 1021 142 =
1042 139 1044 142 ·
1428 122 1525 168 523

134 262 138 266 .
191 230 250 272 79,
300 225 531 275 ἐκέλευσεν]
573 225 712 280 iniqua
756 226 984 273 sententia:
1030 223 1138 273 unde
1168 225 1529 270 etConstantinus

88 289 219 330 sotum
249 288 406 325 metum
431 296 489 327 >ex
515 296 642 325 cervo
670 282 824 331 refert„
854 281 1014 337 reliqua
1042 287 1089 322 ut
1115 279 1254 322 odiosa
1278 281 1443 330 Basilio,
1475 284 1531 324 si..

85 343 213 385 lentio
239 339 425 395 premit3
458 337 563 377 illius
605 337 732 391 magis
762 337 928 379 laudum
966 343 1126 387 orator,
1159 351 1281 392 quam
1312 352 1451 382 rerum
1480 339 1531 382 ab

85 415 141 441 eo
162 402 369 454 gestarum
397 397 533 437 certus
560 397 797 436 enarrator.

197 462 250 504 73
279 459 500 514 depositio,
533 474 655 513 quam
683 458 985 498 santabarenus
1011 458 1146 511 poscit
1160 464 1208 498 ut
1231 458 1364 499 nudus
1392 473 1530 502 sacer-

87 519 205 560 dono
223 521 363 572 'posset
380 514 523 569 poenis
545 513 691 564 addici,
722 519 964 568 argumento
987 519 1046 554 est
1068 513 1269 570 ‘antiquae
1289 513 1533 567 traditionis,

85 576 141 616 ut*-
162 580 258 614 note
286 570 597 626 depositionem,
629 584 734 624 quae
767 575 857 609 erat
884 568 1169 620 sacerdotum,
1190 569 1299 610 'nihil
1326 571 1403 612 sihi
1430 571 1533 612 laica

87 635 269 685 potestas
291 627 331 667 in
350 627 534 676 elericos,
563 625 804 679 praesertim
833 625 1042 679 episcopos
1070 625 1346 678 permitteret.
1378 627 1444 667 cui
1475 628 1542 668 rei

90 682 370 726 vindicandae
394 681 531 722 studet
565 680 825 721 Illustrissimi
866 680 1164 735 archiepiscopi
1194 681 1386 723 Tolosani
1415 683 1532 724 Petri

95 741 148 782 de
173 741 330 780 Marcus
362 737 482 777 labor
510 743 552 777 et
587 750 728 790 opera.

203 803 260 846 74
315 803 508 844 adulterii
537 802 873 843 consuetudinem
914 817 1008 842 cum
1038 803 1122 842 zoe·
1148 802 1332 851 habuisse
1357 804 1536 844 Leonem

100 862 222 903 docet
236 861 447 902 Cedrenus
471 859 593 899 etiam
628 857 1125 913 vivente‘l‘heophanone‚
1157 865 1204 900 ut
1230 873 1275 900 ea
1305 874 1422 900 causa
1449 861 1538 901 fue-

102 917 159 958 rit
185 915 400 972 propinati
430 914 520 955 viro
550 914 654 954 illius
685 914 844 954 veneni.

202 986 256 1028 75
312 983 358 1026 τὸ
391 982 720 1038 βασιλεοηάτωρ]
743 976 883 1024 titulus
904 999 925 1024 a
943 982 1082 1027 Leone
1106 985 1309 1037 inventus,
1333 985 1439 1026 idem
1455 986 1540 1027 fere

94 1041 167 1098 qui
187 1041 478 1094 συμπὲνθερος
505 1055 575 1080 seu
603 1039 724 1080 etiam
755 1036 778 1078 ὅ
809 1039 1216 1091 παραδυναστέυωνε
1248 1039 1314 1082 cui
1344 1046 1541 1097 tanquam

93 1099 202 1153 patri
235 1098 463 1152 imperator
493 1095 697 1147 deferret,
732 1094 844 1134 cuius
875 1095 1047 1136 maxime
1079 1095 1256 1137 consiliis
1286 1111 1374 1137 rem
1401 1096 1541 1151 publi-

98 1168 188 1194 cam
217 1157 393 1208 regeret.

202 1217 258 1262 76
316 1217 475 1264 Κακῶς
509 1216 772 1265 διοικοῦντες]
819 1216 1000 1258 indebitis
1027 1217 1285 1271 vectigalibus
1310 1228 1542 1272 gravantes.

94 1275 146 1315 de
172 1274 378 1330 symeone
409 1273 529 1328 plura
559 1280 707 1312 auctor
736 1273 844 1314 vitae
875 1274 1010 1313 Lucae
1038 1271 1211 1314 iunioris
1243 1280 1342 1316 tom.
1372 1275 1397 1315 2
1423 1277 1542 1319 Auct.

97 1331 334 1384 decerptae,
365 1343 412 1370 ac
441 1327 686 1383 propediem
715 1328 875 1382 plenius
905 1327 1116 1370 Bofilando
1147 1342 1285 1371 mense
1309 1330 1542 1375 Februario

96 1384 405 1442 producendae.

211 1451 265 1492 77
321 1452 524 1506 depositus
550 1461 619 1502 est,
650 1451 778 1492 vetito
809 1450 920 1490 forte
937 1451 1075 1490 Leone
1104 1465 1197 1491 cum
1227 1466 1272 1492 ea
1303 1449 1548 1491 contrahere

95 1509 153 1548 ob
187 1508 436 1562 praecedens
467 1508 738 1555 adulterium3
770 1507 878 1547 sorte
909 1506 1028 1546 etiam
1048 1506 1129 1548 viri
1147 1507 1246 1547 Ζοὲε
1264 1506 1546 1557 homicidium,

97 1578 206 1619 quae
233 1569 419 1603 monstra
451 1563 573 1603 etiam
603 1562 769 1604 ecclesia
795 1562 939 1603 Latina
975 1568 1091 1603 arcet
1119 1578 1141 1603 a
1169 1562 1333 1616 nuptiis.

207 1628 262 1670 78
315 1629 374 1684 τῷ
411 1630 586 1680 βασιλεῖ’
611 1629 765 1672 Λέοντι
812 1622 834 1665 ὅ
883 1623 1123 1680 Μουσικός]
1151 1628 1208 1668 sie
1235 1629 1341 1668 bene
1369 1627 1551 1682 Anony-

97 1699 184 1726 mus
203 1699 216 1726 ε
241 1686 431 1726 accusati
457 1693 544 1724 sunt
571 1685 682 1739 apud
710 1684 885 1723 Leonem
915 1684 1205 1737 imperatorem
1238 1684 1417 1724 Musicus

207 1755 260 1797 79
315 1756 390 1795 τοῦ
418 1754 785 1808 τζυκανιστηριόυ]
814 1754 885 1805 *ad
911 1754 1145 1795 descensum
1178 1755 1463 1810 sphaeristerii,
1492 1753 1546 1793 si-

100 1811 265 1867 quidem
305 1808 352 1850 τὸ
385 1809 645 1860 τζυκανιζειν
681 1811 835 1849 Aemeti
874 1816 933 1850 est
962 1810 1044 1862 pila
1073 1810 1230 1849 ludere.
1277 1810 1334 1848 sic
1362 1824 1461 1848 vero
1499 1822 1546 1848 ex

102 1869 215 1922 equis
245 1867 465 1914 ludebant;
498 1865 685 1919 adeoque
713 1866 840 1905 fuerit
869 1865 971 1904 haec
999 1878 1170 1919 quoque
1199 1864 1309 1904 Circi
1339 1878 1446 1918 pars,
1477 1877 1548 1904 seu

107 1924 206 1979 quid
239 1923 296 1963 ini
324 1922 607 1962 coniunctum.

206 1987 260 2030 80
318 1988 490 2028 emenda
531 1987 811 2040 κρατηθέντας
853 1995 1020 2041 captum
1062 1986 1272 2026 Nicolaum
1302 1985 1549 2026 Hetaeriar-

97 2046 213 2085 cham
242 2045 285 2084 in
314 2046 494 2095 transitu,
527 2057 619 2083 cum
645 2043 799 2083 Ioanne
827 2043 923 2082 urbe
953 2043 1215 2083 amandavit.

213 2110 264 2151 81
324 2106 528 2163 μυστικὸς
556 2102 632 2162 ὢν]
668 2108 814 2149 dehac
842 2123 942 2150 voce
968 2107 1090 2148 docte
1121 2110 1166 2149 P.
1198 2110 1312 2148 Goar
1341 2106 1391 2146 ad
1421 2105 1550 2147 Codi-

108 2182 207 2208 num
234 2181 328 2221 pag.
359 2164 457 2217 599,
491 2165 563 2205 uhi
593 2166 717 2205 etiam
740 2163 919 2205 militare
946 2165 1197 2205 vocabulum
1229 2163 1420 2204 ostendit.

210 2232 266 2275 82
323 2230 599 2282 ἀνακομίσας]
634 2231 748 2272 addit
769 2230 977 2273 cedrenus
1007 2231 1050 2285 ἐξ
1071 2228 1269 2284 Ἐφὲσουε
1302 2229 1371 2270 ubi
1403 2241 1557 2283 nempe.

103 2289 284 2329 creditus
310 2288 349 2327 S.
380 2288 535 2328 Mariae
552 2288 819 2342 Magdalenae
849 2287 1044 2336 tumulus,
1073 2288 1131 2327 uti
1152 2285 1294 2330 Lazari
1323 2285 1363 2327 in
1391 2284 1546 2339 Cypro.

213 2354 267 2395 83
323 2353 395 2406 τῆς
425 2355 822 2407 μεσοπεντηκοστῆς]
854 2360 913 2393 est
944 2353 1010 2393 hic
1028 2353 1111 2393 dies
1129 2352 1279 2392 Christi
1300 2349 1547 2404 disputatio-

106 2410 166 2451 nis
195 2410 392 2452 memoria
421 2417 675 2464 assertaeque
705 2409 761 2454 illi
790 2409 1028 2459 divinitatis,
1061 2407 1227 2448 Graecis
1256 2406 1427 2447 celebris
1460 2419 1548 2445 me-

105 2466 175 2506 dio
204 2471 393 2518 tempore
422 2464 567 2518 pascha
597 2466 704 2505 inter
734 2471 774 2505 et
813 2470 1106 2518 pentecostem,
1137 2464 1177 2503 in
1208 2477 1329 2517 quem
1359 2460 1549 2502 laudato-

106 2521 190 2563 rios
219 2534 426 2560 sermones
454 2521 573 2561 Auct.
605 2522 743 2561 tom.1
778 2520 970 2575 produxi.
1028 2521 1083 2560 sic
1114 2524 1258 2572 aperte
1287 2518 1551 2557 continuator

105 2577 336 2630 Loonisque
367 2576 507 2627 codex,
540 2576 739 2632 quicquid
785 2590 831 2616 ex
861 2590 909 2616 eo
939 2575 1042 2617 male
1073 2575 1318 2627 exscriptum
1346 2573 1408 2611 sit.
1466 2585 1549 2627 quo

106 2632 217 2672 forte
254 2631 379 2670 modo
423 2637 608 2672 erratum
647 2632 907 2686 ignoratione
944 2631 1055 2671 vocis
1082 2637 1124 2671 et
1166 2630 1205 2668 in
1238 2628 1450 2677 Cedreno,
1480 2626 1551 2669 ubi

108 2687 265 2729 editum
295 2688 561 2740 πεντηκοστῆς
591 2687 712 2742 plura
744 2687 853 2728 enim
884 2687 1095 2729 nescivisse
1132 2685 1266 2739 legere
1297 2698 1342 2724 ex
1370 2697 1445 2724 suo
1474 2697 1552 2723 co-
