1838 3132
274 113 367 159 128
657 96 882 169 [Lssole
924 97 1309 170 emmunim]

265 218 399 272 μῆνας
431 214 523 268 δύο,
551 213 716 256 Ἰούλιον
738 216 808 254 καί
830 211 1090 267 Αὔγουστον.
1149 212 1340 267 γεγόνασι
1368 214 1414 255 δὲ
1439 215 1613 270 βρονταὶ
1642 203 1714 258 καί

266 284 482 337 ἀστραπαί
517 280 696 334 μεγάλαι
739 281 810 320 καί
854 282 1037 334 φοβεραὶ
1069 279 1238 334 σφόδρα
1260 314 1271 332 ‚
1299 277 1405 321 «Sors
1433 281 1611 330 πολλοὺς
1638 279 1711 323 ὑπ’

265 351 405 390 αὐτῶν
450 347 718 399 κατακαῆναι.
793 345 897 386 α’λλα
931 344 1003 387 καί
1033 344 1206 397 σεισμὸς
1232 347 1425 399 μέγιστος
1457 348 1528 388 καί
1555 346 1710 403 παγκό-

264 429 409 467 σμιος·
465 411 536 453 καί
577 409 724 452 ἔπεσον
755 407 858 452 οἶκοι
888 413 959 454 καί
985 412 1199 466 ἐκκλησίαι
1227 413 1378 453 πολλαί
1407 414 1452 454 ἐν
1481 415 1710 455 Κωνσταν-

263 477 521 532 τινουπόλει,
566 473 674 517 ὥστε
717 474 896 524 πολλοὺς
924 478 1195 531 τελευτῆσαι·
1262 476 1368 518 α’λλιὶ
1400 479 1471 519 καί
1500 476 1546 519 τὸ
1575 483 1742 532 τεῖχος5

263 546 338 599 τῆς
361 545 523 598 χρυσῆς
552 539 707 596 πόρπης
737 541 856 594 καίἧ
887 542 1015 597 λόγχη
1038 540 1090 596 ἢν
1107 548 1254 596 κρατεῖ
1276 541 1299 583 ὅ
1330 542 1508 597 α’νδριὰς
1526 546 1604 584 τοῦ
1633 540 1710 598 ‹pb-

263 627 353 666 ρου.
411 610 483 650 καί
512 606 716 661 ἐπεκρότει
751 608 773 661 ἦ
807 610 858 662 γῆ
888 612 1079 662 σειομένη
1110 608 1181 649 ἐπὶ
1206 607 1326 650 πολύ.
1383 610 1429 651 ἐκ
1457 610 1503 650 δὲ
1530 611 1604 663 τῆς
1637 606 1710 650 λύ-

263 693 341 732 πης
372 675 393 716 ό
421 673 620 728 βασιλεύς
648 674 707 722 εἰς
733 674 784 715 τὰ
808 678 1000 727 γενέθλια
1029 676 1104 714 τοῦ
1130 677 1323 728 Χριστοῦ
1348 677 1422 716 καί
1443 676 1503 724 εἰς
1530 675 1582 716 τὰ
1609 671 1708 728 ἅγια

261 741 468 796 θεοφάνια
501 735 600 782 ἄνευ
645 741 878 792 στέμματος
907 741 1103 794 προῆλθε,
1141 741 1214 781 καί
1238 739 1288 782 τοὶ
1315 743 1358 792 ἐξ
1384 739 1510 790 ἔθους
1539 738 1708 795 α’ριστό-

262 810 407 849 δειπνα
435 809 510 848 τοῦ
527 806 845 860 δωδεκαημέρου
863 807 936 846 οιῖκ
954 806 1154 858 ἐτέλεσεν,
1181 805 1289 847 α’λλά
1319 807 1455 848 πάντα
1483 812 1567 856 τοῖς
1596 822 1706 848 πτω-
1723 815 1766 850 10

259 879 351 926 χοῖς
388 874 581 924 διένειμε.
638 870 714 925 τὴν
741 873 788 912 δὲ
825 868 1044 912 θάλασσαν
1083 870 1366 924 α’ναρριχὰναι
1403 875 1535 928 φασὶν
1564 875 1609 915 ἐκ
1637 871 1708 915 τοῦ

261 940 438 991 σεισμοῦ
477 939 597 990 μίλια
629 936 725 992 δύο,
765 939 838 978 καί
877 936 1112 978 ἀπολέσθαι
1153 940 1277 978 πλοῖα
1307 936 1438 980 πολλὰ
1485 940 1530 981 ἐν
1556 941 1605 995 τῇ
1631 941 1710 979 τοῦ

261 1003 414 1053 ὕδατος
443 1005 717 1057 α’ναχαιτίσει.
783 1001 904 1043 ἔπεσε
949 1004 995 1043 δὲ
1041 1001 1061 1043 ὅ
1090 1004 1287 1057 τροῦλλος
1326 1006 1399 1058 τῆς
1431 1003 1614 1058 μεγάλης
1643 1005 1708 1044 ἐκ-

261 1070 443 1124 κλησίας,
476 1069 523 1110 ὃν
550 1069 623 1110 καί
646 1071 855 1110 α’νέκτισεν
879 1067 1140 1122 ὑψηλότερον
1168 1071 1241 1109 καί
1268 1070 1497 1124 κρείττονα,
1531 1069 1708 1124 ποιήσας

261 1138 334 1178 καί
360 1136 408 1177 τὰ
455 1133 627 1188 δεύτερα
670 1136 857 1188 ἐγκαίνια
900 1135 974 1187 τῆς
1015 1134 1142 1189 αὐτῆς
1186 1136 1402 1190 ἐκκλησίας
1430 1133 1706 1191 φαιδρότερον
1721 1146 1763 1180 15

260 1204 330 1244 καί
360 1201 657 1256 λαμπρότερον.

374 1261 503 1315 Οὗτος
539 1265 691 1320 μαθών
737 1264 832 1318 περὶ
875 1261 1213 1320 ἆρρενοφθόρων,
1256 1263 1483 1320 ἐρευνήσας
1511 1266 1583 1307 καὶ
1608 1266 1708 1308 τοὺ-

260 1349 353 1381 τους
382 1330 534 1387 &ionius
563 1331 661 1379 τούς
688 1332 766 1383 μὲν
797 1328 1123 1382 ἑκαυλοτόμωσε,
1167 1336 1254 1380 τοῖς
1281 1333 1327 1372 δὲ
1358 1329 1570 1385 καλάμους
1600 1328 1707 1383 ὄξεῖς

260 1401 546 1452 ἐμβάλλεσθαι
571 1397 630 1445 εἷς
658 1394 758 1444 τούς
787 1397 941 1448 πόρους
970 1398 1052 1436 τῶν
1072 1396 1245 1438 αἰδοίων
1274 1398 1475 1452 ἐκέλευσε,
1503 1396 1575 1438 καί
1600 1414 1706 1452 γυμ-

260 1463 358 1511 νοτὶς
387 1461 494 1504 κατὰ
527 1462 602 1517 την
631 1460 787 1517 οἶγορὰν
806 1464 1176 1516 θριαμβευθῆναι·
1233 1462 1420 1516 ὑπῆρχον
1450 1464 1495 1506 δὲ
1521 1466 1602 1506 τῶν
1627 1467 1704 1518 μὲν
1716 1475 1762 1509 20

259 1530 476 1587 πολιτικῶν
517 1528 589 1570 καί
627 1527 909 1583 συγκλητικῶν
947 1529 1116 1582 πολλοί,
1157 1530 1238 1569 ταῖν
1281 1530 1327 1569 δὲ
1368 1529 1600 1584 ἀρχιερέων
1629 1527 1705 1572 οὖκ

261 1595 405 1650 ὀλίγοι,
434 1594 478 1636 οἳ
503 1594 798 1648 ὃεσμευθέντες
827 1590 958 1642 οὕτως
985 1593 1278 1648 περιαγόμενοι
1309 1593 1409 1636 κατὰ
1443 1593 1518 1649 τὴν
1547 1596 1710 1652 α’γορὰν

260 1664 410 1716 γυμνοί
437 1662 580 1709 δεινῶς
609 1658 893 1714 ἐτελεύτησαν.
949 1660 1021 1701 καί
1047 1661 1267 1714 γενομένου
1289 1661 1426 1716 φόβου
1452 1660 1634 1717 μεγάλου
1665 1660 1705 1705 οἱ

260 1826 365 1859 iussit
388 1830 424 1859 et
448 1836 581 1871 equos,
607 1824 736 1870 quibus
763 1827 971 1858 efferrentur
999 1826 1142 1859 mortui.
1204 1828 1336 1861 mansit
1359 1828 1418 1861 hic
1441 1827 1586 1862 morbus
1611 1829 1701 1864 duos

259 1884 409 1913 inense3‚
435 1873 563 1905 lulium
588 1878 625 1905 et
650 1874 853 1916 Augustum.
907 1878 1006 1906 erant
1029 1879 1147 1906 autem
1167 1875 1323 1907 tonitrua
1341 1880 1377 1908 et
1402 1875 1550 1908 fulmina
1576 1887 1703 1921 magna

258 1921 483 1965 maximeque
510 1919 699 1958 terrentia,
737 1919 786 1951 ita
815 1923 854 1952 ut
877 1920 981 1952 multi
1012 1921 1053 1953 iis
1088 1926 1369 1965 percuterentur.
1418 1928 1603 1967 praeterea
1625 1930 1701 1958 ter-

260 1979 316 2000 rae
344 1972 459 1999 motus
486 1972 561 1999 erat
594 1967 765 1999 maximus
801 1976 865 2011 per
887 1971 1002 1999 totum
1029 1967 1199 2000 mundum
1217 1993 1226 2008 ‚
1255 1968 1489 2002 conciderunt
1513 1969 1636 2003 domus
1664 1976 1702 2005 et

259 2015 427 2047 ecclesiae
464 2014 596 2046 multae
631 2013 758 2058 cpoli,
787 2013 836 2046 ita
876 2019 915 2046 ut
949 2014 1051 2047 multi
1087 2020 1330 2055 morerentut,
1369 2015 1525 2049 concidit
1556 2028 1700 2063 quoque

259 2073 377 2094 murus
405 2059 449 2092 ad
476 2070 618 2092 auream
647 2065 784 2105 portam
811 2065 847 2092 et
870 2060 984 2102 hasta,
1012 2073 1116 2107 quam
1137 2067 1252 2094 statua
1289 2062 1437 2095 forensis
1467 2074 1572 2096 manu
1599 2070 1701 2098 tenet

259 2113 296 2141 et
323 2107 552 2140 vehementer
588 2107 709 2140 sonuit
750 2112 841 2139 terra
867 2113 973 2141 mota.
1033 2120 1093 2141 rex
1115 2114 1232 2141 autem
1266 2108 1362 2141 luctu
1403 2109 1551 2143 afflictus
1586 2123 1700 2157 usque

258 2149 304 2188 ad
328 2155 459 2187 natalia
494 2153 627 2187 Christi
656 2160 691 2187 et
715 2159 832 2186 sancta
857 2154 1093 2200 Theophania
1121 2156 1196 2188 sine
1215 2166 1346 2188 corona
1374 2155 1509 2201 prodiit
1534 2162 1582 2198 et,
1606 2157 1700 2191 duo-

259 2201 375 2234 decim
401 2200 526 2234 diebus
551 2210 662 2233 coena
701 2201 901 2245 vespertina
928 2203 1055 2235 usitata
1090 2201 1272 2242 abstinuit,
1311 2203 1500 2248 omniaque
1527 2204 1699 2239 mendicis

260 2248 373 2281 dedit.
421 2259 516 2280 mare
544 2258 689 2293 quoque
723 2253 821 2280 motu
848 2253 960 2281 terrae
992 2248 1192 2282 ascendisse
1217 2249 1342 2282 dicunt
1362 2248 1433 2282 duo
1458 2250 1637 2294 milliaria,
1662 2257 1700 2286 et

258 2306 365 2328 naves
399 2296 528 2327 multas
570 2295 608 2326 in
647 2305 739 2340 aqua
783 2296 1007 2328 aestuatione
1043 2296 1203 2341 periisse.
1265 2295 1421 2329 concidit
1454 2303 1572 2330 autem
1607 2299 1698 2332 trul-

259 2343 315 2375 lus
339 2353 483 2386 magnae
509 2341 699 2382 ecclesiae,
735 2353 840 2386 quem
865 2343 1026 2375 altiorem
1057 2343 1162 2375 etiam
1199 2347 1235 2375 et
1258 2343 1437 2375 meliorem
1466 2344 1611 2386 refecit,
1635 2356 1698 2379 ce-

259 2389 404 2421 lebratis
440 2387 660 2434 splendidius
689 2394 725 2421 et
760 2389 957 2432 elegantius
991 2389 1208 2422 solemnibus
1247 2389 1405 2422 eiusdem
1432 2392 1600 2426 ecclesiae
1638 2403 1696 2426 re-

261 2437 416 2469 stitutae.

353 2483 416 2515 Hic
442 2493 549 2528 quum
572 2481 741 2514 audiisset
764 2481 808 2514 de
827 2481 1055 2526 paederastis,
1080 2482 1310 2526 inquisitione
1334 2483 1496 2517 instituta
1522 2495 1611 2530 quos
1639 2484 1697 2518 in-

260 2530 357 2562 venit
386 2540 505 2562 eorum
531 2529 619 2561 alios
644 2528 800 2560 membro
825 2529 915 2561 virili
942 2527 1111 2573 privavit,
1137 2529 1214 2561 aliis
1243 2535 1364 2562 acutos
1393 2531 1545 2564 calamos
1573 2532 1610 2565 in
1638 2532 1696 2564 so-

262 2576 393 2608 rmniua
418 2576 601 2620 inguinum
624 2574 806 2608 intrudere
832 2576 932 2608 iussit
951 2586 1082 2619 eosque
1108 2574 1222 2608 nudos
1249 2588 1313 2621 per
1340 2577 1454 2611 sorum
1477 2577 1568 2611 duci.
1593 2583 1695 2612 erant

261 2628 379 2655 autem
406 2634 447 2656 ex
473 2623 540 2663 iis,
567 2622 629 2668 qui
659 2621 864 2655 muneribus
902 2621 1055 2666 publicis
1089 2622 1327 2666 fungebantur
1361 2629 1397 2657 et
1427 2635 1445 2657 e
1470 2623 1692 2659 senatoribus

261 2669 378 2710 multi,
408 2680 427 2702 e
470 2668 708 2704 sacerdotibus
741 2669 913 2714 primariis
941 2680 1012 2702 non
1040 2669 1154 2714 pauci,
1190 2670 1253 2716 qui
1279 2671 1390 2705 vincti
1414 2673 1465 2705 ita
1488 2682 1552 2717 per
1578 2671 1693 2705 sorum
