1806 3158
272 140 304 183 8
661 125 886 198 [LnoNis
925 122 1307 194 GRAMMATlcl]

268 245 347 303 βίῳ
375 246 562 299 πονηρῶν
588 244 732 297 ἐπαγει
758 242 836 295 τήν
851 239 1124 293 κατάπαυσιν,
1151 238 1199 281 τὸ
1233 241 1279 281 δὲ
1309 241 1381 294 ζῆν
1410 241 1453 282 ἐν
1479 241 1600 299 φόβῳ
1625 241 1699 283 καὶ

265 307 376 369 Υλυπῃ
400 311 577 365 μυρίους
593 302 598 307 ’
616 309 760 363 ε’πιέγει
786 306 885 356 τούς
924 305 1003 348 συν
1033 305 1225 361 αἰσθήσει
1251 306 1477 356 θανάτους.
1498 355 1499 358 ¹
1535 309 1696 360 τρέμων

267 373 340 420 οὖν
366 376 439 420 καί
464 379 615 419 στένων
638 375 660 416 ὅ
690 374 815 425 Κάϊν,
852 371 1041 425 καθάπερ
1083 372 1249 426 δαίμονι
1274 370 1458 428 κάτοχος,
1489 374 1533 415 ἐν
1557 374 1699 428 ἐπιλη-

265 446 346 501 ψίᾳ
375 440 507 484 πάντα
536 439 609 483 τόν
639 442 683 489 ἐξ
709 440 843 480 αὐτοῦ
868 439 985 492 διῆγε
1013 439 1118 492 βίον,
1145 439 1265 480 τοῦτο
1295 440 1366 479 τοῦ
1380 436 1438 492 μή
1468 439 1696 492 α’ναιρεθῆ-

264 524 335 550 ναι
363 505 474 561 παρὰ
504 508 608 549 θεοῦ
634 503 775 558 λαβών
799 503 844 546 τὸ
866 509 1060 558 σημεῖον·
1112 503 1216 556 μετὰ
1246 503 1347 558 γοῦν
1374 503 1448 559 τήν
1475 505 1729 558 καταδίκηνὸ

262 573 468 628 χειρόνως
496 575 609 626 ἐβίω,
655 567 792 625 ἅρπαξ
819 570 892 612 καί
917 572 1157 624 πλεονέκτης
1181 568 1409 623 γενόμενος,
1437 571 1510 612 καί
1535 570 1697 622 πρῶτος

263 642 399 693 μέτρα
425 640 498 680 καί
520 635 687 690 σταθμοὶ
722 635 795 678 καί
819 638 892 691 γῆς
919 633 1047 689 ὅρους
1074 634 1284 690 ἐπενόησε,
1306 638 1379 678 καί
1401 633 1521 677 πόλιν
1553 633 1696 683 κτίσας

262 706 324 754 εἰς
358 707 401 746 ἓν
432 706 649 746 συνελθεῖν
687 702 862 751 οἰκείους
898 701 1104 757 ἠνάγκασε
1150 701 1223 743 καί
1248 703 1307 751 εἰς
1344 704 1548 756 πολέμους
1581 702 1696 744 α’πα-

260 774 521 824 σχολεΐσθαι.
1560 811 1565 814 .

369 832 511 887 Σάβαν
539 835 587 876 δὲ
617 834 691 890 τήν
720 834 905 890 α’δελφήν
931 834 1067 876 αὐτοῦ
1101 831 1241 885 λαβών
1272 831 1296 873 ὅ
1324 833 1437 875 Κάϊν
1461 834 1521 882 εἰς
1547 837 1695 887 γυναῖ-
1709 840 1751 874 10

262 902 315 941 κα
342 901 540 955 ἐκτήσατο
579 899 672 942 υἱὸν
714 899 785 942 τὸν
810 899 941 949 Ἐνώς.
996 902 1040 941 ἐκ
1080 899 1230 942 τούτου
1262 901 1419 953 γίνεται
1446 900 1486 940 Γ
1484 897 1624 950 αιδοίδ,
1652 900 1696 949 ἐξ

262 961 314 1008 οὗ
342 965 552 1021 Μαουήλ,
598 968 641 1015 ἐξ
665 961 715 1007 οὗ
755 966 1042 1008 Μαθουσάλα.
1111 966 1132 1006 ὃ
1174 967 1220 1007 δὲ
1256 964 1550 1013 Ιηαθουσιὶλας
1578 965 1698 1020 γεννᾷ

261 1030 337 1073 τόν
363 1029 533 1085 Λάμεχ.
588 1027 707 1081 οὗτος
736 1031 811 1073 δύο
848 1037 1045 1085 γυναῖκας
1076 1028 1287 1084 ἀγόμενος,
1315 1028 1468 1073 Ἀδδὰν
1499 1031 1570 1070 καί
1595 1032 1698 1070 Σελ-

263 1097 341 1139 λάν
359 1132 370 1150 ,
391 1096 556 1151 Ἰουβὰλ
601 1100 678 1151 μὲν
722 1098 957 1155 κιθαρῳδὸν
985 1095 1130 1151 Ἰωβήλ
1162 1098 1207 1138 δὲ
1248 1097 1525 1151 κτηνοτρόφον
1555 1097 1600 1136 ἐκ
1624 1097 1698 1150 τῆς

259 1165 416 1213 Ἀδδᾶς
451 1166 600 1213 παῖδας
644 1163 867 1218 ἐκτήσατο,
898 1166 1031 1218 Θοβὲλ
1073 1166 1118 1205 δὲ
1146 1161 1411 1219 σφυροκόπον
1436 1165 1596 1216 χαλκοῦ
1625 1163 1698 1204 καί
1710 1171 1752 1204 15

264 1230 439 1284 σιδήρου
488 1231 560 1272 καὶ
587 1232 758 1283 Νοεμᾶν
798 1233 1013 1285 θυγατέρα
1040 1232 1084 1271 ἐκ
1119 1231 1192 1284 τῆς
1225 1231 1392 1276 Σελλᾶς.
1451 1227 1523 1269 καί
1547 1227 1591 1270 τὸ
1620 1230 1703 1280 μὲν

265 1297 312 1337 ἐκ
342 1294 455 1337 Κάϊν
481 1298 596 1350 γένος
635 1298 762 1351 μέχρι
788 1295 935 1337 τούτου
977 1294 1140 1350 μνήμης
1181 1295 1352 1349 ἠξίωται
1381 1295 1424 1336 ἐν
1452 1299 1536 1343 τοῖς
1561 1292 1696 1347 βιβλί-

267 1375 348 1413 οις,
390 1363 463 1402 τοῦ
505 1363 551 1403 δὲ
585 1362 774 1416 ἀριθμοῦ
801 1365 882 1404 τῶν
924 1362 1099 1415 πρώτων
1128 1360 1468 1414 α’ποκεκήρυκται,
1494 1359 1561 1402 ἵνα
1589 1358 1699 1414 μηδὲ

263 1431 349 1474 τοῖς
373 1426 552 1480 πρώτοις
593 1423 622 1483 ᾗ
652 1428 977 1480 συνταττόμενος
1005 1428 1111 1481 μηδὲ
1144 1429 1227 1468 τῶν
1266 1427 1415 1481 ἑφεξῆς
1455 1424 1697 1480 α’φηγοόμε-

263 1507 351 1541 νος·
410 1490 480 1534 διὰ
509 1493 555 1534 δὲ
579 1492 623 1534 τό
656 1493 727 1546 τῆς
753 1493 1033 1548 προαιρέσεως
1062 1487 1202 1547 ἄγριον
1229 1488 1368 1544 ὥσπερ
1401 1493 1470 1533 ε’πί
1496 1491 1573 1544 τήν
1600 1487 1693 1531 ἅλο-
1707 1497 1754 1532 20

264 1572 337 1611 γον
365 1559 410 1599 ὲκ
438 1560 509 1612 τῆς
537 1560 701 1613 λογικῆς
717 1557 883 1613 φύσεως
900 1557 1130 1612 ε’ξώρισται.
1187 1556 1313 1609 Κάϊν,
1343 1555 1400 1605 ὦς
1428 1557 1534 1609 λέγει
1558 1557 1697 1597 Μωϋ..

265 1624 356 1677 σῆς,
385 1625 458 1678 τῆς
486 1624 616 1671 οἰκίας
641 1622 846 1678 πεσούσης
874 1624 936 1665 ἐπ’
963 1621 1091 1664 αὐτὸν
1110 1619 1382 1677 ἐτελεύτησεν.
1438 1620 1460 1663 ὅ
1489 1622 1535 1662 δὲ
1562 1619 1700 1675 Ἀδὰμ

306 1768 319 1774 ς
357 1743 393 1777 5.
422 1742 596 1789 λαβόντος
618 1749 771 1789 σημεῖον
793 1743 820 1777 C
942 1742 975 1776 8.
1000 1738 1085 1782 τοὺς
1106 1742 1284 1782 οἰκείουςῒ
1425 1742 1478 1778 13.
1506 1721 1696 1791 ἀγαγόμε-

358 1790 445 1828 νοςῖ
561 1790 615 1825 17.
636 1791 771 1836 βίβλοις
798 1790 826 1824 C
939 1789 995 1824 20.
1019 1784 1059 1826 τὸ
1087 1802 1144 1824 om
1169 1790 1195 1824 C

268 1903 364 1943 leris,
387 1903 622 1945 interfecerit,
649 1905 677 1937 is
710 1903 840 1949 septies
872 1915 1023 1948 poenam
1051 1904 1140 1945 luet,
1174 1903 1212 1936 id
1235 1908 1300 1943 est,
1323 1903 1586 1948 septemplicem
1613 1914 1699 1948 poe-

267 1960 348 1982 nam
386 1949 453 1982 tibi
482 1949 582 1983 reddi
612 1956 763 1995 oportet.
811 1962 904 1983 mors
926 1951 1018 1983 enim
1042 1952 1135 1984 vitae
1158 1950 1417 1984 calamitatibus
1441 1951 1504 1984 dat
1530 1951 1698 1995 quietem,

267 1996 341 2034 vita
365 2002 482 2028 autem
507 2008 570 2041 per
593 1997 755 2030 timorem
780 2002 818 2030 et
843 1997 1019 2031 tristitiam
1059 1998 1258 2030 innumeras
1284 1998 1400 2030 animo
1424 2002 1555 2030 mortes
1582 1999 1697 2030 offert.

268 2047 423 2075 tremens
448 2043 555 2086 igitur
579 2050 616 2077 et
642 2044 811 2088 plangens
828 2044 927 2084 Cain,
953 2050 1123 2089 tanquam
1138 2055 1156 2076 a
1171 2043 1316 2077 diabolo
1332 2049 1533 2088 occupatus,
1558 2054 1698 2076 omnem

270 2099 314 2121 ex
348 2089 411 2121 illo
440 2094 596 2134 tempore
631 2091 739 2123 vitam
774 2091 931 2123 infirmus
967 2091 1086 2134 degit,
1126 2090 1216 2123 illud
1239 2101 1284 2122 ne
1311 2090 1490 2124 occidatur
1515 2091 1651 2133 signum
1676 2101 1696 2122 a

268 2134 337 2167 deo
361 2135 551 2180 accipiens.
599 2136 661 2169 sed
687 2142 768 2180 post
802 2136 1063 2170 damnationem
1096 2137 1197 2182 peius
1232 2137 1340 2177 vixit,
1365 2148 1486 2170 avarus
1511 2142 1548 2168 et
1574 2136 1696 2169 avidus

266 2181 391 2221 factus,
408 2187 443 2214 et
467 2183 598 2226 primus
620 2194 809 2223 mensuras,
826 2189 863 2216 et
889 2184 1012 2217 domus
1030 2185 1188 2229 finesque
1207 2189 1320 2216 terrae
1342 2183 1564 2228 excogitavit,
1588 2189 1697 2228 atque

267 2227 410 2261 condita
437 2228 522 2262 urbe
547 2230 584 2262 in
609 2240 718 2262 unum
756 2230 871 2263 locum
892 2231 1080 2264 convenire
1116 2230 1278 2263 homines
1301 2231 1417 2274 coegit
1450 2235 1486 2263 et
1509 2229 1604 2262 bella
1631 2229 1698 2263 de-

269 2274 430 2308 fondere.

358 2320 450 2353 Saba
476 2331 595 2354 sorore
621 2321 659 2354 in
687 2322 945 2355 matrimonium
973 2322 1077 2355 ducta
1101 2323 1187 2356 Cain
1222 2322 1334 2355 filium
1359 2322 1556 2366 procreavit
1580 2322 1694 2365 Enos3

267 2377 311 2399 ex
334 2378 376 2400 eo
404 2371 506 2400 natus
531 2373 585 2401 est
611 2368 780 2409 Gaedad3
808 2381 849 2401 ex
877 2381 918 2402 eo
943 2370 1082 2409 Maue13
1108 2380 1150 2402 ex
1175 2380 1218 2402 eo
1236 2368 1445 2402 Mathusala.
1494 2368 1694 2402 Mathusala

266 2414 390 2458 genuit
410 2413 579 2456 Lamech3
602 2414 660 2447 hic
686 2414 822 2447 duabus
846 2415 959 2448 ductis
987 2416 1164 2455 uxoribus,
1195 2415 1293 2448 Adda
1320 2421 1355 2448 et
1379 2415 1487 2455 Sella,
1516 2415 1615 2448 lubal
1642 2416 1697 2448 ci:-

267 2460 475 2493 tharoedum
499 2466 535 2493 et
558 2461 657 2494 lobel
689 2467 864 2507 pastorem
889 2474 931 2494 ex
959 2462 1056 2495 Adda
1093 2462 1237 2495 sustulit
1260 2462 1374 2503 filios;
1401 2473 1444 2494 ex
1473 2462 1568 2495 Sella
1595 2461 1696 2495 Tha-

266 2505 329 2538 bel
354 2507 488 2539 fabrum
513 2507 603 2540 aeris
641 2513 677 2540 et
709 2509 791 2540 ferri
817 2514 922 2553 atque
944 2510 1111 2542 Noemam
1146 2508 1263 2540 filiam.
1318 2509 1403 2541 Cain
1428 2519 1536 2551 genus
1562 2509 1696 2542 hucus-

267 2563 337 2597 que
360 2554 547 2586 memoriae
571 2554 750 2599 proditur3
776 2555 930 2598 priorum
953 2561 1070 2588 autem
1101 2566 1267 2588 numerus
1291 2554 1490 2593 exhibetur,
1517 2561 1554 2588 ut
1577 2567 1695 2601 neque

267 2609 346 2630 eum
372 2600 493 2642 primis
517 2600 720 2634 hominibus
745 2612 863 2646 neque
901 2613 977 2633 cum
1001 2601 1231 2647 sequentibus
1256 2600 1536 2644 confundamini-3
1561 2602 1623 2635 sed
1647 2601 1694 2634 ob

268 2644 420 2678 sei-ocem
445 2648 598 2680 animum
630 2653 795 2693 tauquam
828 2648 865 2680 in
890 2647 1148 2692 imprudentem
1178 2659 1221 2681 ex
1248 2648 1401 2692 sapienti
1427 2653 1550 2681 natura
1575 2653 1692 2690 exter-

267 2692 431 2726 minatur.
481 2693 567 2727 Cain
594 2701 632 2728 ut
656 2695 707 2728 ait
733 2694 862 2735 Moses,
889 2693 992 2728 domo
1019 2695 1057 2728 in
1086 2706 1165 2728 eum
1191 2694 1367 2740 collapsa,
1390 2693 1492 2728 obiit.
1540 2694 1694 2729 Adamus
