1838 3132
256 136 351 182 518
569 138 644 181 AD
681 140 899 181 LEONEM
943 137 1354 183 GRAMMATICUM

250 245 584 298 Ἀμεραμνουνῆ.
641 241 747 297 ὑπὲρ
774 238 820 297 ἧς
845 245 1006 297 ἐγένετο
1025 245 1184 291 ἐκεῖθεν
1211 242 1283 285 διὰ
1301 244 1563 298 γραμμάτων
1587 261 1691 299 προ-

252 302 488 354 τρέψασθαι
511 300 748 353 ἀναχωρεῖν
777 298 846 340 τὸν
878 299 1083 354 Θεόφιλον
1113 300 1157 340 ἑκ
1187 299 1258 353 τῆς
1286 299 1485 353 πατρίδος
1510 301 1665 350 αὐτοῦ.
1712 332 1714 335 v

363 381 416 422 30
471 382 551 423 trit
581 382 848 422 continuator
877 381 1064 422 adversus
1094 395 1226 422 sacras
1250 383 1441 436 imagines
1466 382 1701 437 impiorum*

256 438 555 492 imperatorum
596 438 729 477 edicta
775 437 962 490 plofert,
994 438 1029 477 1.
1089 453 1112 477 a
1141 439 1279 477 Leone
1308 440 1462 488 iseum,
1489 444 1535 479 ut
1563 440 1716 484 saneti*

254 507 403 538 nomen
437 507 645 556 nunquam
675 493 750 532 illis
780 492 1091 547 impingeretur,
1120 498 1192 532 aut
1224 492 1264 532 id
1293 493 1386 533 illae
1412 498 1712 547 vocarentur3·

255 547 367 602 quod
395 547 460 588 dei
487 549 706 602 proprium
736 548 915 600 (Περι-,εὶ
942 554 987 588 ut
1023 548 1076 587 sit
1107 562 1153 588 ac
1181 547 1342 588 dicatur
1371 555 1541 589 sanetus.
1556 551 1558 555 ’
1599 553 1638 593 2.
1666 560 1690 589 a

252 604 449 644 Michae'le
476 603 696 670 'lbeophili
726 609 882 668 patre,
890 609 937 642 ut
964 617 1048 644 non
1078 604 1370 644 adorarentur.
1427 603 1466 644 3.
1497 619 1519 643 a
1547 604 1687 645 Theo-

251 658 364 711 philo
386 657 430 702 td
451 660 559 713 μηδὲ
580 656 778 714 χρώμασι
803 654 957 706 ταύτας
982 657 1199 699 wamma!
1225 672 1266 698 τε
1289 658 1361 708 καὶ
1386 659 1693 713 μορφάζεσθαι.

361 740 412 781 31
470 736 642 806 αγοντα]
674 741 722 781 ad
763 738 845 782 hoc
868 743 1107 807 interpres.
1146 741 1366 791 redundat,·
1392 742 1574 796 itemque
1602 751 1686 797 se‘q.

252 797 357 837 linea
385 797 436 836 ad
461 797 559 836 illud
571 792 626 837 οὗ
648 794 850 849 καθεκτήν
873 793 1111 847 Ῥωμαιᾞοις
1167 796 1266 836 mihi
1291 803 1518 851 utrumque
1548 803 1689 851 aptum

252 867 300 891 ac
343 854 472 892 sensui
522 854 802 892 necessarium.
858 853 1037 919 primum
1080 852 1136 891 ita
1167 852 1365 905 expressit
1402 852 1691 894 continuator.

251 921 308 953 ως
336 907 374 946 δ’
401 904 642 960 ἡμάρτανεν
669 901 808 973 αυθις,
841 921 908 947 και
917 906 1072 970 τρίτον
1101 906 1147 946 δὲ
1176 906 1221 946 ἐκ
1255 908 1524 974 ‹suppar-{pac
1550 907 1716 959 ψυχῆς

250 959 326 1028 'cfiv
351 963 612 1025 συνέχουσαν
653 959 857 1028 φάλαγγα
883 958 953 1001 τὸν
981 962 1158 1014 βασιλέα
1190 961 1395 1013 διέκοψεν,
1422 976 1491 1001 και
1522 962 1714 1016 πλησίον.

255 1014 432 1068 ἐγεγόνει
463 1015 628 1067 τούτου,
659 1032 712 1063 ως
744 1015 817 1057 καί
842 1013 964 1073 ἱμᾶσι
995 1015 1065 1057 τὸν
1094 1016 1344 1080 ἐπιφέροντα
1370 1016 1516 1057 τοῦτον
1548 1016 1692 1069 ἐπιδῆ-

253 1085 324 1110 σαι
366 1071 494 1111 ἵππον
535 1087 603 1111 και
643 1065 773 1118 αυθις
817 1063 1156 1123 ὖηεξερύσασθαι
1192 1068 1429 1122 ἐτύγχανεν.
1468 1098 1471 1103 ,
1505 1072 1693 1126 adeoque

254 1126 352 1165 exiit
381 1139 532 1176 αγοντα
561 1127 705 1166 τοῦτον
731 1124 912 1178 ἐξάγων.
954 1127 1159 1166 vehentem
1194 1127 1306 1165 allum
1339 1140 1481 1189 equum
1517 1127 1691 1169 educens.

255 1181 372 1220 alteri
391 1181 523 1221 simile
548 1181 649 1221 illud
683 1180 835 1221 laudati
870 1181 1077 1222 auctor-is:
1110 1179 1277 1233 ἐτρώθη
1299 1176 1375 1244 τήν
1400 1179 1554 1234 ψυχὴν.
1571 1179 1696 1234 ἀνήρ,

252 1235 428 1285 βασιλέα
455 1231 675 1286 Ῥωμαιων
703 1232 969 1286 αἰχμάλωτον
1006 1235 1202 1286 γενέσθαι
1230 1231 1486 1288 φοβούμενος
1511 1235 1583 1277 καί
1611 1251 1694 1277 των

254 1289 424 1343 ε’χθρων
454 1289 695 1330 ὑποπόδιον.
754 1293 837 1331 Leo
868 1292 922 1330 ita
950 1290 1121 1342 scribit,
1152 1297 1196 1329 ut
1223 1304 1271 1330 eo
1303 1291 1343 1329 in
1371 1290 1527 1344 praelio
1553 1291 1696 1331 vulne-

257 1352 391 1385 ratum
421 1345 651 1386 Manuelem
694 1360 823 1400 exque
863 1346 1032 1385 vulnere
1073 1345 1188 1384 brevi
1232 1352 1444 1385 moituum
1484 1346 1695 1401 significet,

257 1415 350 1439 cum
376 1402 645 1441 continuatm
674 1401 917 1440 calumniam
935 1401 1153 1454 subiungat
1178 1400 1297 1441 liuius
1327 1401 1447 1454 ipsius
1469 1401 1589 1442 oflicii
1621 1415 1695 1441 oc-

253 1455 419 1496 casione
451 1461 603 1506 ortam,
635 1471 716 1510 qua
747 1462 911 1496 coactus
936 1462 994 1496 est
1026 1456 1076 1496 ad
1094 1459 1301 1510 Agarenos
1332 1455 1490 1520 fugere,
1516 1471 1564 1496 ac
1595 1455 1696 1496 reli-

255 1525 335 1566 qua
374 1513 558 1564 supelius
588 1512 718 1551 Leoni
758 1511 808 1551 de
838 1512 904 1551 illo
933 1517 1136 1551 enarrata.
1213 1518 1308 1551 uter
1336 1512 1516 1552 certiora
1548 1525 1695 1551 monu-

254 1571 392 1612 menta
421 1573 583 1612 secutus
612 1567 690 1615 sit,
719 1566 829 1606 haud
858 1567 975 1606 facile
1009 1568 1061 1606 sit
1089 1566 1288 1607 divinare.
1362 1582 1444 1606 non
1472 1564 1605 1607 deesse
1635 1567 1694 1607 ait

255 1621 524 1663 continuator
554 1621 626 1676 qui
650 1621 755 1661 hanc
785 1622 886 1663 illius
915 1622 1053 1676 fugam
1082 1622 1131 1661 ad
1156 1623 1361 1675 Agerenos
1389 1622 1463 1666 sub
1495 1622 1695 1666 ΜὶεΙηιέΙθ

257 1675 478 1730 Theophili
505 1684 626 1731 patre
652 1683 823 1730 ponant.

366 1757 419 1798 32
470 1765 598 1805 ιππος
629 1773 659 1797 ω
695 1759 923 1809 ἐποχεῖται]
956 1758 1058 1798 lianc
1079 1758 1176 1812 equi
1202 1758 1324 1799 ablati
1345 1758 1555 1799 historiam
1575 1759 1697 1812 longe

258 1812 379 1857 aliter
409 1798 677 1853 continuator
709 1829 758 1852 ac
789 1813 996 1854 Cedrenus
1029 1821 1224 1862 narrant3
1254 1828 1483 1868 eorumque
1512 1828 1612 1854 vero
1640 1814 1696 1852 si..

256 1869 395 1908 milior
424 1869 627 1908 narratio.
685 1870 916 1909 Manuelem
944 1868 985 1908 in
1013 1869 1229 1909 Persarum
1259 1869 1516 1923 expeditione
1547 1868 1696 1908 adver-

255 1937 319 1963 sus
347 1924 556 1964 Ameriam
584 1923 717 1963 adhuc
743 1924 1018 1977 superstitem,
1049 1931 1224 1989 postque
1252 1925 1382 1979 ipsum
1408 1923 1701 1978 Theophilum,

257 1978 378 2020 iidem
407 1979 586 2026 faciunt;
620 1979 692 2018 nisi
724 1978 798 2019 iste
830 1979 930 2018 alius
959 1984 1084 2033 atque
1108 1979 1247 2020 iunior
1273 1980 1432 2020 ManuiSl
1458 1979 1602 2019 existit.

364 2065 417 2106 33
474 2063 496 2104 ὅ
529 2063 917 2118 πρωτοσύμβουλος]
947 2068 1012 2107 hic
1044 2081 1210 2122 quoque
1241 2069 1325 2122 ipse
1353 2082 1605 2109 amelumnes
1631 2084 1717 2118 sur

255 2134 507 2175 promusque
529 2121 709 2160 Arabum
739 2123 819 2162 dux
848 2137 894 2170 ac
924 2123 1035 2163 velut
1063 2125 1291 2188 imperator
1316 2123 1370 2162 sic
1400 2123 1645 2177 appellatur.

364 2206 419 2250 34
473 2209 579 2250 hanc
598 2210 880 2263 proditionem
897 2213 1083 2252 Boiditza
1104 2219 1286 2262 auctore,
1309 2218 1350 2252 et
1378 2218 1424 2251 ut
1442 2211 1542 2251 nihil
1561 2218 1696 2253 astro-

257 2265 390 2317 logiae
420 2265 460 2304 in
492 2279 538 2304 ea
570 2266 850 2317 intervenerit,
880 2267 948 2307 sed
978 2268 1062 2306 sola
1090 2267 1284 2313 indicatio
1312 2268 1440 2320 partis
1472 2267 1574 2307 illius
1600 2281 1695 2306 mu-

259 2333 406 2361 rorum
438 2335 518 2374 qua
554 2320 680 2359 facilis
709 2330 806 2361 esset
835 2322 886 2361 ad
916 2323 1059 2362 urbem
1087 2337 1279 2372 accessus,
1317 2323 1458 2376 sagitta
1486 2336 1579 2361 cum
1609 2322 1699 2375 epi-

256 2374 362 2415 stola
407 2389 429 2414 e
461 2390 583 2415 muro
614 2375 654 2414 in
699 2375 878 2416 hostium
919 2383 1050 2417 castra
1082 2378 1247 2427 emissa,
1284 2377 1449 2419 solidius
1478 2377 1698 2418 Vaticanus

256 2431 540 2485 continuator,
569 2445 693 2486 quam
723 2432 784 2471 vel
797 2434 878 2473 Leo
897 2433 961 2474 xel
979 2433 1181 2473 Cedienus
1214 2433 1283 2486 qui
1316 2447 1403 2473 rem
1430 2433 1567 2488 paucis
1597 2446 1696 2487 per-

255 2485 434 2538 stringit.

367 2571 419 2612 35
479 2571 697 2626 Θεόφιλος]
742 2582 835 2613 sunt
881 2574 924 2613 hi
957 2582 1115 2615 turmae
1141 2571 1194 2612 49
1223 2581 1330 2614 mart
1362 2589 1454 2614 rum
1482 2575 1693 2629 praecipui

257 2625 415 2676 heines,
438 2643 626 2690 quoium
656 2635 859 2671 certamen
903 2631 1168 2671 continuator
1194 2631 1696 2682 Vat.escrib1t.n9m·-

256 2679 538 2736 τοσπαθάριος
565 2682 764 2740 εὐνοῦχος
792 2682 812 2723 ὁ
845 2681 1077 2740 Κρατερός.
1136 2700 1239 2726 unus
1266 2685 1367 2728 haec
1385 2685 1634 2728 Theodorus.
