1838 3132
586 114 1084 159 CHRONOGRAPHIA.
1481 115 1569 161 191

127 218 209 260 τῶν
234 218 412 259 πολιταῖν
440 215 606 258 πάντων
630 218 704 258 τοῦ
728 215 787 272 μὴ
808 217 1013 266 δέξασθαι
1038 219 1217 271 βασιλέα
1247 217 1363 268 ἐκτός
1393 221 1576 268 Λέοντος

125 285 200 325 καί
222 283 545 326 Κωνσταντίνου
575 283 646 323 καί
671 283 746 325 τοῦ
772 284 1009 336 σπέρματος
1038 280 1192 329 αὐταῖν.
1249 285 1322 327 καί
1348 285 1407 342 τῷ
1436 283 1572 338 μεγά-

125 352 184 406 λῳ
211 348 412 406 σαββάτῳ
441 347 695 402 προεβάλετο
721 345 959 400 Εὕὸόκιμον
1006 349 1193 406 ἀδελφὸν
1221 351 1358 393 αὕτοῦ
1388 350 1577 404 νουβελί-

122 430 260 468 σιμον,
289 415 360 455 καί
386 416 572 469 προῆλθε
617 412 698 456 σῦν
728 412 828 456 δυσί
854 416 1072 469 Καίσαρσι
1101 418 1174 458 καί
1199 415 1314 472 τρισί
1343 418 1577 471 νουβελισί-

90 488 111 522 5
121 495 217 534 μοις
242 482 315 523 καί
342 482 398 538 τῷ
440 483 516 538 νέῳ
548 482 853 537 Κωνστοιντίνῳ
894 481 954 529 εἰς
983 482 1057 535 τήν
1085 485 1322 539 ἐκκλησίαν,
1353 482 1425 526 καί
1450 482 1499 526 τοὶ
1529 485 1575 534 ἐξ

121 546 248 596 ἔθους
278 547 456 602 ποιήσας
480 545 560 589 σὺν
588 548 646 604 τῷ
671 547 914 603 πατριάρχῃ
954 550 1027 590 καί
1048 550 1105 606 τῷ
1131 548 1210 607 υἱῷ
1233 550 1367 593 αὐτοῦ
1394 550 1576 606 άνῆλθεν

120 614 181 661 εἰς
206 611 278 655 τόν
306 609 502 666 ὅμβωνα.
558 611 818 662 εἰσελθόντος
851 614 896 655 δὲ
925 614 1079 664 παντὸς
1109 618 1184 657 τοῦ
1214 619 1334 673 λαοῦ,
1360 619 1435 660 καί
1463 617 1573 660 οἷπο..

121 681 307 731 θεμένων
332 677 383 721 τά
413 676 605 734 ἔγγραφοι
620 679 761 721 αὐτῶν
786 679 830 721 ἐν
858 679 910 735 τῇ
939 678 1036 739 ἁγία
1065 684 1266 739 τραπέζῃ,
1293 679 1407 725 εἶπεν
1436 681 1459 725 ὅ
1490 687 1572 739 βα.

121 733 265 794 σιλεὺς
295 743 412 788 ίἰ’ὁοὺ
454 747 499 786 ἐκ
535 747 608 800 τῆς
646 745 866 801 ἐκκλησίας
893 748 967 787 καί
1006 749 1080 802 τῆς
1103 747 1249 803 χειρός
1275 751 1352 791 τοῦ
1378 752 1580 805 λ’ριστοῦ»

67 820 110 855 10
122 809 194 853 τὸν
225 809 319 853 υἱόν
346 827 429 865 μου
456 812 847 867 παραλαμβάνετε.”
904 809 943 854 οἱ
975 813 1023 855 δὲ
1049 813 1230 869 ἐβόησαν
1260 815 1476 870 ((Χριστὸς
1505 818 1572 870 ἐγ..

119 873 273 932 γύησον
303 874 413 932 ἡμᾶς
442 873 504 919 ὅτι
537 881 582 920 ἐκ
609 880 682 933 τῆς
708 881 853 934 χειρός
881 894 959 921 σου
987 880 1374 935 παραλαμβάνομεν
1397 881 1468 925 τὸν
1496 881 1572 925 κύ-

122 959 213 995 ριον
240 945 552 986 Κωνσταντῖνον
592 944 652 993 εἷς
677 946 878 998 βασιλέα,
907 947 986 988 τοῦ
1013 947 1317 1003 διαφυλάττειν
1343 949 1471 991 avadit
1499 949 1574 992 καί

118 1005 510 1065 ὖπεραποθνήσκειν
539 1009 671 1052 αὐτοῦ
698 1012 771 1053 καί
796 1013 874 1054 τοῦ
903 1013 1182 1068 πατριάρχου,
1212 1013 1388 1056 ἐνώπιον
1413 1016 1570 1066 παντὸς

118 1077 196 1116 τοῦ
226 1077 370 1117 λαοῦ.”
423 1075 496 1118 καί
524 1078 736 1131 προῆλθον
765 1077 810 1120 ἐν
839 1079 888 1136 τῇ
916 1078 1012 1136 ἁγία
1051 1080 1246 1139 ἐκκλησίᾳ
1273 1078 1314 1124 οἱ
1342 1079 1420 1123 δύο
1445 1085 1570 1136 βασι-

63 1155 106 1188 15
118 1144 202 1192 λεῖς
229 1140 309 1183 σῦν
338 1143 437 1185 δυσί
466 1144 684 1198 Καίσαρσι
712 1145 786 1186 καί
823 1144 937 1199 τρισί
971 1148 1292 1199 νουβελισίμοις.

231 1208 325 1250 Τῶν
364 1209 410 1250 δὲ
435 1207 629 1264 Ἀράβων
665 1208 918 1261 ἐξελθόντων
959 1212 1212 1262 α’ποστείλας
1240 1211 1261 1254 ὃ
1288 1212 1489 1267 βασιλεῦς
1516 1215 1565 1258 τά

114 1272 408 1328 στρατεύματα
438 1276 629 1333 ἐποίησεν
653 1277 767 1331 νίκην
787 1280 996 1333 μεγίστην.
1028 1280 1072 1320 ἐν
1098 1281 1331 1335 ,Σοφιαναΐς
1358 1281 1405 1322 δὲ
1430 1281 1566 1324 ἐλθών

115 1341 187 1382 καὶ
229 1339 404 1395 ποιήσας
443 1344 660 1395 μαϊουμοῖν
698 1341 984 1398 ἐθριάμβευσε
1030 1344 1082 1386 τὰ
1113 1346 1315 1389 ἐπινίκια·
1371 1348 1462 1388 ἐκεῖ
1482 1347 1563 1404 γὰρ

116 1401 167 1461 ἧν
195 1405 292 1455 ἔθος
319 1406 414 1456 τούς
440 1410 629 1460 βασιλεῖς
661 1409 864 1463 δέχεσθαι
892 1408 943 1452 τοὶ
972 1411 1161 1466 λάφυρα.
1218 1414 1292 1454 τοῦ
1320 1413 1367 1454 δὲ
1396 1414 1564 1469 Νικὴτα

60 1484 105 1517 20
118 1472 395 1528 πατριάρχου,
424 1477 501 1515 τοῦ
520 1472 602 1515 α’πὸ
617 1473 816 1529 Σκλάβων
839 1477 912 1518 καί
931 1477 1165 1531 εὐνούχων,
1196 1477 1435 1532 τεθνηκότος
1460 1495 1564 1534 προ-

114 1539 343 1593 χειρίζεται
370 1536 630 1595 πατριάρχης
648 1543 827 1592 Παῦλος
855 1539 877 1583 ὅ
910 1542 1103 1598 Κύπριος
1126 1543 1199 1586 καί
1225 1546 1374 1598 τιζαιος,
1406 1546 1428 1587 ὅ
1454 1545 1563 1605 λόγῳ

115 1606 186 1647 καὶ
212 1603 355 1660 πράξει
384 1612 666 1661 τετιμημένος.

226 1670 511 1728 Κατεμηνύθη
550 1675 597 1715 δὲ
633 1675 688 1732 τῷ
715 1677 887 1728 βασιλεῖ
908 1673 965 1728 οὖς
998 1672 1057 1718 ὅτι
1091 1675 1312 1735 Θεοφάνης
1353 1678 1376 1720 ὅ
1405 1682 1564 1731 παπιόις

210 1778 242 1812 3.
268 1778 455 1825 προσῆλθε
472 1779 509 1813 >C

120 1880 238 1908 autem
268 1875 326 1909 die
353 1877 502 1910 Veneris
528 1878 643 1911 iurare
670 1890 729 1911 eos
754 1879 789 1912 in
828 1891 924 1913 sacra
951 1881 1044 1924 ligna
1071 1882 1192 1924 iussit3
1220 1887 1256 1916 et
1282 1883 1486 1917 iuraverunt
1510 1884 1564 1917 le-

121 1923 243 1964 gioues
287 1929 323 1957 et
359 1924 522 1958 cohortes
560 1937 754 1971 omnesque
788 1927 882 1959 cives
919 1929 1057 1961 nullum
1096 1940 1133 1961 se
1169 1936 1309 1974 praeter
1338 1930 1496 1964 Leonem
1528 1937 1567 1966 et

120 1970 391 2004 Constantinum
419 1972 565 2017 eiusque
596 1973 690 2006 filios
719 1984 835 2017 regem
871 1975 1058 2008 electuros.
1108 1988 1236 2021 magno
1261 1976 1412 2011 sabbato
1440 1977 1562 2012 Eudo-

120 2017 246 2050 cimum
274 2018 416 2051 fratrem
439 2019 690 2052 nubelisimum
716 2021 824 2061 fecit,
849 2027 889 2054 et
921 2033 999 2055 cum
1024 2022 1165 2056 duobus
1192 2024 1402 2058 Caesaribus
1429 2026 1563 2059 tribus-

120 2075 188 2109 que
215 2064 437 2098 nubelisimis
479 2072 516 2100 et
546 2067 782 2101 Constantino
820 2068 895 2101 filio
929 2069 967 2102 in
1000 2070 1183 2104 ecclesiam
1207 2073 1306 2105 venit
1334 2078 1382 2113 et,
1409 2084 1487 2106 cum
1517 2085 1563 2107 ex

119 2122 217 2144 more
254 2113 372 2146 omnia
404 2125 483 2146 cum
511 2114 711 2159 patriarcha
748 2115 896 2161 filioque
927 2116 1089 2158 fecisset,
1111 2119 1150 2152 in
1173 2118 1362 2152 ambonem
1390 2119 1562 2154 aseendit.

119 2158 218 2191 omni
245 2160 379 2204 populo
416 2161 573 2204 ingresso
603 2167 640 2195 et
672 2162 951 2207 professionibus
977 2163 1062 2197 fidei
1094 2165 1131 2198 in
1158 2166 1262 2199 altari
1288 2167 1461 2214 depositis
1490 2179 1563 2208 rex,

119 2207 258 2247 “ecce‚”
283 2207 415 2252 inquit,
438 2212 508 2241 “ex
534 2209 680 2242 ecclesia
707 2214 743 2242 et
765 2209 895 2243 Christi
911 2211 1073 2244 manibus
1098 2212 1210 2246 filium
1227 2225 1343 2247 meum
1366 2215 1559 2260 accipite;”

120 2252 175 2285 illi
204 2253 453 2296 exclamarunt,
478 2255 666 2290 “Christus
692 2257 794 2290 testis
818 2257 923 2291 nobis
942 2263 1030 2299 esto,
1055 2270 1099 2292 ex
1117 2260 1281 2294 manibus
1307 2262 1376 2296 tuis
1402 2263 1562 2308 accipere

119 2310 183 2332 nos
210 2299 477 2336 Constantinum
505 2314 631 2348 regem,
656 2315 808 2350 eumque
844 2317 908 2338 nos
948 2311 1146 2340 servaturos
1171 2313 1207 2341 et
1229 2319 1293 2354 pro
1321 2321 1363 2342 eo
1389 2315 1426 2343 et
1452 2311 1563 2355 patri-

119 2346 222 2379 archa
246 2349 435 2383 morituros
460 2361 577 2384 coram
605 2352 700 2384 omni
722 2352 896 2396 populo;”
934 2357 971 2386 et
996 2361 1173 2389 venerunt
1198 2355 1235 2388 in
1260 2362 1417 2390 sanctam
1444 2358 1562 2390 eccle—

120 2395 207 2427 siam
232 2394 302 2427 duo
331 2407 428 2440 reges
457 2408 534 2430 cum
563 2397 701 2431 duobus
729 2399 938 2432 Caesaribus
968 2399 1154 2447 tribusque
1182 2402 1418 2436 nubeiisimis.

210 2441 340 2475 Arabes
365 2454 473 2488 quum
502 2445 726 2486 invasissent,
753 2448 826 2480 Leo
853 2447 1028 2480 exercitus
1066 2450 1162 2483 misit
1189 2462 1423 2496 magnamque
1447 2452 1560 2485 victo·

119 2487 204 2519 riam
234 2491 437 2533 reportavit.
489 2492 525 2524 in
554 2492 753 2538 Sophianas
779 2505 886 2539 quum
916 2494 1067 2529 venisset
1093 2502 1130 2530 et
1165 2498 1355 2531 maiumam
1384 2499 1562 2532 celebras-

118 2540 183 2574 set,
208 2536 318 2568 victor
343 2537 588 2583 triumphavit3
615 2540 665 2572 ibi
693 2541 784 2573 enim
811 2553 885 2574 mos
910 2547 985 2574 erat
1012 2554 1108 2587 reges
1135 2544 1250 2589 spolia
1274 2546 1444 2590 accipere.
1493 2546 1560 2579 Ni-

119 2588 196 2615 ceta
225 2583 422 2627 patriarcha
446 2585 570 2619 Sclavo
599 2593 635 2620 et
661 2588 824 2621 eunucho
853 2594 991 2622 mortuo
1027 2591 1226 2635 patriarcha
1251 2592 1364 2625 factus
1389 2597 1443 2626 est
1466 2593 1559 2627 Pau·

118 2627 174 2662 lus
197 2629 357 2675 Cyprius,
382 2631 434 2663 vir
459 2635 777 2676 praestantissimus
803 2635 848 2668 ob
866 2647 1047 2675 sermones
1071 2639 1300 2684 actionesque
1323 2640 1556 2674 venerandus.

212 2677 426 2712 Nunciatum
452 2685 506 2714 est
533 2681 606 2726 regi
632 2682 889 2728 Theophanem
928 2684 1054 2730 palatii
1088 2686 1230 2731 papiam
1256 2691 1293 2721 et
1318 2691 1388 2721 tres
1414 2687 1557 2722 cubicu-
