1838 3132
282 111 378 156 280
704 114 893 158 monis
932 107 1297 159 GRAMMATicL

220 220 265 255 87
277 214 399 266 μόλις
426 212 549 272 α’πῄει
569 249 579 267 ,
615 214 758 267 χιόνος
796 216 1052 269 ἐπικειμένης
1099 216 1264 268 πολλῆς.
1330 217 1631 268 χειροτονεῖται
1665 214 1714 255 δὲ

277 279 365 322 ἄντ’
391 281 521 321 αὐτοῦ
548 279 767 331 Εϋθόμιος
804 277 1045 334 σύγκελλος,
1079 275 1186 333 α’νῆρ
1229 278 1487 334 ἱεροπρεπής,
1512 276 1714 334 ἐγκρατής

277 361 324 386 τε
349 348 421 387 καί
446 345 628 399 εὐλαβής
657 344 790 386 πάνυ·
856 343 902 387 ὃν
927 361 1033 401 φασι
1070 346 1380 396 καταδέξασθαι
1408 346 1529 386 τοῦτο
1555 345 1712 385 α’ποκα.

277 409 445 464 λόψεως
481 410 627 463 θείας,
669 407 727 458 ὥς
753 412 830 453 τοῦ
866 412 1071 463 βασιλέως
1111 412 1415 463 βουλευομένου
1454 411 1615 464 αἵρεσιν
1641 408 1714 450 καί

219 478 266 515 88
278 477 403 529 νόμον
430 477 614 517 ἐκθεῖναι
651 478 725 518 τοῦ
761 474 874 529 ἔχειν
904 471 1039 529 ἄνδρα
1068 481 1179 529 τρεῖς
1214 481 1412 529 γυναῖκας
1437 471 1466 529 ἢ
1491 474 1745 529 τέσσαρας,5

275 543 439 585 πολλῶν
462 542 521 590 εἰς
551 543 674 583 τοῦτο
701 539 961 595 λογιωτάτων
986 541 1151 595 α’νδρῶν
1178 540 1487 594 συνεργούντων
1515 537 1655 584 αὕτόν.

237 610 262 642 Β
377 607 532 664 Ἰουνίῳ
561 608 609 648 δὲ
627 610 728 662 μηνί
753 606 1016 661 προσεκλήθη
1036 605 1200 649 Λὲωνὸ
1223 605 1421 660 βασιλεὺς
1449 604 1561 660 παρά
1586 607 1712 647 Κων-

272 674 490 716 σταντίνου
519 675 595 715 τοῦ
617 671 756 726 Λιβὸς
784 673 830 714 ἐν
853 675 902 730 τῇ
928 674 1032 727 μονῇ
1064 673 1197 714 αὐτοῦ
1224 675 1273 730 τῇ
1299 667 1403 729 οὔσῃ
1434 673 1478 713 έν
1505 671 1565 728 τῷ
1583 673 1709 725 Μερ-

274 737 486 795 δοσαγάρῃ
526 741 603 780 τοῦ
633 754 680 780 τε
717 740 889 793 ποιῆσαι
926 737 977 779 τα
1014 736 1199 791 ἔγκαίνια
1235 740 1308 780 καί
1346 738 1581 792 ἀριστῆσαι.
1637 737 1710 778 κατ’
1781 788 1799 802 ρ

270 807 432 858 γέγονεν
461 798 611 856 ἄνεμος
636 802 658 845 ὅ
685 803 902 858 λεγόμενος
930 804 1042 855 Λίψ,
1072 804 1151 852 ἕως
1177 803 1318 859 τρίτου
1346 806 1542 858 σφοδρῶς
1571 802 1707 858 φυσή-
1721 812 1766 846 10

271 885 362 924 σας,
393 873 617 919 συσσείσας
632 885 677 912 τε
705 868 778 911 καί
803 868 982 923 δονήσας
1010 868 1213 924 ὀἰκήματα
1243 871 1314 910 καί
1342 868 1572 922 ἐκκλησίας,
1598 864 1708 910 ὥστε

271 933 428 984 πάντας
457 934 626 991 φεύγειν
655 938 699 978 έν
726 933 951 989 ὑπαίθροις
978 935 1132 990 τόποις,
1157 937 1349 988 λέγοντας
1376 935 1616 976 συντέλειαν
1641 948 1708 975 κο-

271 1000 422 1055 σμικὴν
449 997 581 1054 εἶναι,
626 1003 666 1043 εἰ
694 999 753 1055 μὴ
799 1000 824 1055 ἦ
864 1002 939 1042 τοῦ
973 1002 1077 1042 θεοῦ
1113 1002 1413 1057 φιλανθρωπία
1455 1000 1510 1042 δι’
1539 994 1709 1054 ὄμβρων

271 1064 451 1109 ἔπαυσεν
476 1066 552 1121 τήν
577 1070 773 1121 τοιαῦτην
799 1069 995 1121 θραῦσιν.

381 1133 653 1187 Προεβάλετο
675 1134 722 1175 δὲ
741 1130 762 1173 ὂ
787 1131 984 1185 βασιλεὺς
1005 1130 1183 1187 Ἱμέριον
1202 1133 1424 1186 λογοθέτην
1445 1133 1521 1173 τοῦ
1547 1126 1705 1185 δρόμου
1721 1145 1764 1180 15
1801 1163 1805 1167 .

271 1198 461 1253 κεφαλὴν
505 1197 668 1241 πάντων
707 1201 791 1240 τῶν
829 1199 1052 1250 πλωΐμων,
1081 1196 1315 1248 ἐξελθόντος
1340 1198 1417 1239 τοῦ
1443 1195 1594 1238 στόλου
1626 1197 1708 1238 τῶν

268 1265 507 1318 Ἀγαρηνῶν
545 1262 649 1306 κατὰ
682 1260 917 1317 εΡωμαίων.
983 1264 1151 1314 ἐδέξατο
1191 1265 1237 1304 δὲ
1258 1263 1347 1304 ’καί
1382 1261 1641 1316 Ἀνδρόνικος
1682 1259 1705 1301 ὅ

231 1331 368 1380 Οδούξ
395 1329 465 1371 διὰ
498 1327 722 1378 κελεύσεως
750 1333 965 1371 συνελθεῖν
989 1328 1154 1386 Ἶμερίῳ
1171 1331 1370 1385 λογοθέτῃ
1397 1329 1441 1369 ἑν
1469 1331 1555 1376 τοῖς
1586 1328 1708 1368 πλοί-

269 1410 332 1443 οις
358 1394 431 1437 καί
459 1395 796 1450 καταπολεμῆσαι
839 1395 933 1443 τούς
970 1394 1231 1450 Ἀγαρηνοὺς.
1286 1393 1307 1436 ὅ
1337 1395 1383 1435 δὲ
1411 1395 1616 1446 Σαμωνᾶς
1654 1387 1708 1447 ἦν

271 1461 547 1510 ἀδιάλλακτος
581 1460 740 1514 ἐχθρὸς
777 1462 855 1502 τοῦ
891 1461 1169 1516 Ἀνδρονίκου,
1200 1461 1271 1502 καί
1297 1458 1427 1502 πολλὰ
1462 1461 1547 1501 κατ’
1574 1460 1762 1517 αΰτοῦ20

269 1529 466 1582 διηνεκῶς
493 1526 805 1580 συνεσκεύαζεν,
833 1526 906 1568 καί
932 1528 1167 1582 ἐμηχανᾶτο
1187 1528 1372 1569 κακῶσαι
1400 1524 1470 1567 τόν
1489 1521 1706 1579 Ἀνδρόνι-

268 1608 340 1635 κον
370 1595 491 1635 παντί
516 1590 655 1650 τρόπῳ
679 1594 754 1634 καί
793 1592 904 1649 πιέσῃ
935 1593 1098 1649 σπουδῇ
1126 1589 1495 1646 διαμηχανώμενος
1523 1588 1607 1632 α’πὸ
1634 1592 1707 1644 τῆς

269 1659 404 1701 αὐτοῦ
424 1660 575 1715 φυγῆς.
631 1656 812 1713 ὑπέβαλε
841 1660 887 1700 δέ
906 1674 982 1701 τινι
1011 1658 1177 1713 γράψαι
1203 1659 1260 1715 τῷ
1286 1658 1532 1714 Ἀνδρονίκῳ
1561 1654 1706 1712 κρύφα

270 1830 344 1859 tum
372 1827 409 1860 in
434 1825 589 1859 Hieriam
616 1826 855 1868 traiecerunt,
880 1836 898 1859 e
930 1838 1000 1872 qua
1037 1825 1146 1872 pedes
1176 1825 1222 1859 ad
1248 1825 1461 1859 Galacrenos
1486 1835 1599 1870 usque
1622 1823 1708 1858 nive

269 1875 380 1906 multa
405 1873 586 1906 delibutus
620 1874 796 1917 pervenit.
857 1874 894 1906 in
927 1875 1002 1906 eius
1038 1874 1155 1906 locum
1182 1872 1388 1916 Eutliymius
1413 1872 1612 1915 syncellus,
1651 1871 1708 1904 vir

269 1921 380 1963 gravis
409 1926 444 1952 et
480 1920 813 1964 temperatissimus,
850 1922 1015 1954 suffectus
1039 1926 1126 1963 'est3
1160 1931 1263 1965 quern
1297 1919 1420 1952 dicunt
1444 1918 1564 1951 divina
1602 1929 1704 1951 reve-

269 1967 403 2000 latione
441 1966 479 1998 id
513 1967 666 1999 muneris
698 1967 904 2011 suscepisse.
953 1967 1098 2000 volebat
1126 1968 1220 2000 enim
1256 1967 1446 2011 imperator
1470 1965 1642 1998 haeresim
1667 1970 1706 1998 et

268 2014 381 2057 legem
409 2025 561 2058 ponere,
586 2025 656 2058 qua
685 2014 796 2046 virum
823 2018 893 2046 tres
919 2020 1132 2059 quattuorve
1157 2024 1282 2046 uxores
1305 2013 1436 2046 ducere
1459 2013 1598 2053 liceret,
1619 2011 1703 2057 plu—

268 2060 365 2094 ribus
388 2059 600 2093 doctissimis
625 2060 708 2092 viris
732 2059 775 2092 ad
799 2060 837 2092 id
863 2072 966 2106 opem
994 2060 1271 2094 conferentibus.

362 2108 464 2140 Iunio
491 2113 610 2140 autem
636 2118 755 2139 mense
784 2107 976 2152 imperator
1003 2109 1075 2142 Leo
1100 2119 1120 2140 a
1145 2106 1378 2140 Constantino
1403 2105 1492 2138 Libe
1516 2105 1553 2138 in
1577 2115 1700 2137 mona-

269 2154 413 2186 sterium
449 2153 494 2185 ad
519 2152 797 2197 Merdosagarem
839 2156 1016 2199 positum,
1053 2159 1093 2187 ut
1115 2155 1192 2187 eius
1223 2153 1481 2186 dedicationem
1505 2151 1704 2185 celebraret

268 2205 305 2233 et.
342 2199 481 2232 adesset
513 2200 695 2239 convivio,
721 2206 865 2233 vocatus
899 2207 963 2235 est.
1023 2201 1194 2246 posthaec
1235 2204 1361 2232 ventus
1388 2199 1533 2232 nomine
1564 2199 1701 2231 Africus

267 2258 331 2291 per
354 2246 430 2280 dies
456 2252 526 2279 tres
552 2247 703 2279 invaluit
727 2247 1037 2281 vehementissime
1070 2248 1219 2292 spirans,
1244 2246 1450 2279 concutiens
1477 2251 1515 2279 et
1538 2250 1704 2278 evertens

268 2293 404 2333 domm,
433 2292 524 2326 adeo
561 2297 602 2325 ut
626 2305 747 2327 omnes
786 2295 831 2327 ad
861 2295 937 2328 loca
964 2294 1163 2328 subdivalia
1188 2294 1351 2337 fugerent
1386 2298 1422 2326 et
1445 2292 1567 2325 mundi
1594 2292 1699 2324 finem

266 2339 473 2373 adventasse
512 2341 710 2384 cogitarent
725 2365 734 2381 ‚
759 2341 826 2373 nisi
852 2341 939 2375 deus
964 2352 1026 2374 sua
1058 2342 1096 2374 in
1119 2340 1280 2374 homines
1305 2340 1526 2383 benignitate
1551 2349 1699 2372 concus-

270 2387 403 2419 sionem
432 2386 634 2420 huiusmodi
661 2387 870 2431 placandam
896 2389 1065 2421 iussisset.

357 2435 551 2478 imperator
579 2438 697 2466 autem
722 2434 915 2468 Himerium
933 2460 943 2475 ,
984 2446 1102 2468 cursus
1134 2432 1271 2479 publici
1309 2432 1551 2476 logothetam,
1576 2429 1702 2464 classis

264 2481 378 2512 totius
406 2486 513 2524 caput
534 2479 701 2513 instituit.
752 2482 989 2524 Agarenorum
1014 2492 1096 2514 vero
1119 2480 1237 2513 navali
1262 2479 1418 2512 exercitu
1437 2478 1605 2511 adversus
1628 2478 1698 2510 Ro-

263 2535 385 2559 manos
411 2533 529 2567 moto,
561 2526 784 2560 Andronicus
817 2528 888 2560 dux
915 2534 954 2561 ut
989 2539 1026 2560 se
1051 2528 1088 2560 in
1119 2526 1268 2559 navibus
1308 2527 1464 2559 Himerio
1492 2524 1700 2568 logothetae

264 2571 475 2616 adiungeret
516 2580 552 2606 et
576 2575 750 2617 Agat-enos
790 2581 1011 2618 oppugnaret
1035 2574 1148 2606 iussus
1180 2578 1244 2606 est.
1295 2585 1366 2618 quo
1391 2578 1549 2617 tempore
1572 2572 1696 2604 Sarno-

263 2629 325 2651 nas
346 2620 382 2652 in
409 2620 644 2653 Andronicum
670 2621 878 2664 implacatus
915 2620 1178 2666 perseverabat,
1212 2619 1394 2665 multaque
1419 2618 1585 2652 adversus
1612 2627 1696 2650 eum

263 2666 610 2709 comminiscebatur,
631 2672 669 2702 et
690 2666 856 2702 omnibus
873 2668 988 2703 modis
1015 2667 1184 2716 omnique
1211 2666 1330 2702 studio
1349 2665 1550 2702 Andronico
1577 2663 1692 2699 mole-
