1838 3132
554 142 1047 190 CHRONOGRAPfflA.
1430 134 1527 180 319

247 212 258 232 [

80 253 240 307 πέμπτῃ
283 250 361 291 τοῦ
398 243 531 290 αὖτοῦ
567 246 699 304 μηνὸς
732 245 893 302 χειμών
929 249 1059 300 μέγας
1086 245 1264 299 γέγονεν,
1291 238 1399 283 ιδ’στε
1427 256 1529 307 κρυ-

79 319 371 370 σταλλωθῆναι
402 314 478 370 τὴν
502 317 580 370 γῆν
609 317 680 356 έπί
705 313 864 368 ἡμέρας
886 310 1034 355 ἑκατὸν
1055 311 1202 363 εἴκοσι,
1229 307 1331 351 ὅθεν
1361 307 1432 366 καί
1459 309 1530 361 γέ-

79 398 196 439 γονεν
237 385 366 436 μέγας
410 381 532 434 λιμὸς
567 379 640 422 καί
679 379 862 427 θάνατος
898 377 1052 431 πολύς,
1095 374 1203 420 ὥστε
1231 374 1289 431 μὴ
1321 373 1532 417 δύνασθαι

81 450 179 497 τούς
211 450 368 499 ζῶντας
400 446 631 499 ἐκκομίζειν
658 444 757 494 τούς
777 446 1026 493 τεθνεῶτας.
1086 442 1108 485 ὅ
1129 445 1175 485 δὲ
1203 438 1406 495 βασιλεῦς
1425 438 1533 482 Ῥω-

46 513 214 568 5μανὸς
244 513 319 569 την
351 513 558 570 α’φόρητον
587 510 746 567 ἐκείνην
777 511 875 564 βίαν
905 509 1170 565 κατανοήσας
1199 509 1322 559 ἀξίαν
1349 508 1421 562 τῆς
1451 506 1533 547 uv'-

80 582 157 623 τοῦ
199 579 453 632 συμπαθοῦς
502 578 783 633 έλεημοσύνης
824 574 1028 632 πρόνοιαν
1075 573 1324 630 ἐποιήσατο,
1363 577 1534 622 πολλαῖς

82 643 378 700 έλεημοσύναις
420 642 496 699 τὴν
531 645 575 685 ἐκ
616 644 693 685 τοῦ
731 646 861 696 λιμοῦ
902 641 1315 697 παραμυθησάμενος
1343 638 1532 684 ἔνδειαν·

82 713 291 767 α’νέφραξέ
317 726 360 752 τε
392 712 538 763 θυρίσι
567 709 639 750 καί
666 709 929 763 σανιδιόμασι
962 708 1038 758 τιὶς
1065 710 1146 750 τῶν
1175 706 1366 762 ἐμβόλων
1394 706 1533 762 στοάς,

83 775 190 820 ὥστε
215 775 275 831 μή
307 773 379 831 την
408 777 531 829 χιόνα
560 775 633 818 καί
658 777 704 818 τό
735 777 874 829 ψῦχος
904 774 1064 816 ἐκεῖθεν
1092 776 1432 822 ἐπεισιέναίτοῑς
1461 774 1577 815 πέ-Ι)

28 855 72 890 10
84 861 191 900 νησι.
246 839 334 885 τότε
364 843 410 883 δὲ
439 841 510 883 καί
531 840 606 892 τὰς
624 844 844 897 λεγομένας
869 838 1026 896 ἇρκλας
1055 842 1099 882 έν
1125 841 1230 882 πᾶσι
1257 839 1533 882 κατεσκεύασε
1549 844 1615 879 117

82 917 169 959 τοῖς
197 908 404 963 ἐμβόλοις,
433 907 634 963 ἀργύριόν
664 923 708 951 τε
737 905 846 950 κατιὶ
876 909 991 963 μῆνα
1012 912 1098 956 τοῖς
1127 907 1312 949 ἐνταῦθα
1341 921 1536 948 κατακει-

83 979 223 1031 μένοις
269 979 415 1030 πένησι
449 972 642 1017 ‹teddo-9022
673 972 901 1027 διετάξατο,
943 972 1015 1014 καί
1044 971 1097 1015 τὰ
1129 978 1306 1028 μηνιαῖα
1337 972 1535 1027 τριμήτια
1552 981 1620 1016 118

84 1045 247 1092 ἐν’ταῖς
277 1043 512 1096 ἐκκλησίαις
538 1045 622 1089 τοῖς
658 1042 805 1095 πένησι
849 1041 1143 1092 διανέμεσθαι,
1177 1038 1235 1086 αἷς
1262 1033 1372 1080 εἶναι
1397 1035 1446 1080 τὰ
1475 1038 1539 1078 δι-

86 1107 245 1162 δόμενα
273 1112 356 1156 τοῖς
383 1122 426 1148 τε
457 1107 500 1148 έν
524 1110 614 1155 ταῖς
651 1102 825 1161 ἅρκλαις
857 1110 1036 1160 πτωχοῖς
1064 1106 1137 1146 καί
1163 1108 1250 1154 τοῖς
1280 1104 1326 1146 έν
1357 1107 1449 1153 ταῖς
1475 1106 1542 1147 ἐκ.

30 1185 74 1220 15
86 1177 274 1229 κλησίαις
311 1170 500 1228 ἀργύρου
534 1174 911 1228 ιἐγκεχαραγμένου
967 1169 1166 1225 χιλιάδας
1219 1169 1398 1212 δώδεκα.
1471 1171 1543 1214 καί

84 1243 218 1283 ταῦτα
257 1238 283 1294 ἦ
325 1237 556 1294 συμπαθὴς
597 1239 758 1280 ἐκείνου
797 1236 916 1293 ψυχὴ
964 1236 1218 1279 διετύπωσεν
1245 1239 1329 1278 τῶν
1355 1236 1543 1293 πενητων

85 1307 382 1361 προνοουμένη.
439 1304 545 1346 α’λλὰ
590 1306 690 1345 καθ’
724 1303 886 1359 ἡμέραν
912 1309 1023 1358 τρεῖς
1065 1303 1446 1360 αὕτῷσυνεσθιέιν
1472 1305 1544 1345 πέ-

86 1387 211 1428 νητας
251 1370 486 1425 διετάξατο,
524 1369 568 1411 οἳ
594 1368 672 1411 α’νὰ
701 1372 746 1412 ἓν
775 1370 1011 1422 ἐλάμβανον
1044 1367 1245 1422 νόμισμα.
1300 1367 1468 1423 τετράδι
1497 1371 1544 1412 δὲ

87 1440 160 1480 καί
200 1437 447 1494 παρασκευῇ
485 1442 596 1491 τρεῖς
635 1436 805 1492 πένητες
847 1434 1028 1489 μοναχοί
1058 1435 1190 1493 τούτῳ
1232 1435 1540 1490 συνήσθιον,τὸ

30 1492 379 1555 Ωοτετυπωμένον
418 1503 701 1556 λαμβάνοντες
742 1501 947 1555 νόμισμα.
1016 1497 1117 1554 ὅπερ
1151 1503 1199 1543 δὲ
1227 1503 1272 1543 ἐν
1299 1506 1387 1551 τοῖς
1414 1517 1544 1555 μονα-

89 1571 275 1625 στηρίοις
302 1568 451 1610 εἴωθεν
469 1572 678 1622 γίνεσθαι,
710 1565 814 1610 ὥστε
840 1570 884 1610 ἐν
909 1569 967 1626 τῷ
989 1569 1122 1624 καιρῷ
1149 1567 1445 1622 ἀναγινώσκειν
1473 1570 1545 1623 τῆς
1558 1584 1592 1618 p,
1608 1583 1677 1618 505

90 1632 341 1691 ἑστιάσεως,
384 1638 508 1678 τοῦτο
546 1636 619 1676 καί
664 1633 794 1684 αὐτὸς,
819 1637 972 1687 ἐποίει,
1016 1635 1167 1689 διπλῆν
1194 1632 1333 1692 ἐαυτῷ
1359 1635 1432 1676 καί
1458 1639 1545 1685 τοῖς

92 1700 318 1755 δαιτυμόσι
349 1701 426 1756 τὴν
457 1700 670 1756 τράπεζαν
699 1704 961 1755 παρατιθείς,
989 1698 1095 1743 ὥστε
1128 1701 1174 1743 τὸ
1202 1703 1283 1754 μὲν
1297 1702 1421 1756 σῶμα
1450 1702 1548 1757 τρέ-

183 1813 216 1847 6.
242 1815 305 1848 καὶ
327 1812 524 1860 ἐλεῆμονος
552 1811 703 1859 φύσεως
727 1813 932 1856 Anouymus

97 1920 224 1966 quinto
250 1919 308 1953 die
337 1921 469 1953 mensis
495 1919 654 1953 eiusdem
698 1920 788 1953 adeo
815 1930 939 1964 aspera
963 1919 1117 1953 invaluit
1143 1918 1270 1959 hiems,
1297 1923 1338 1952 ut
1365 1923 1458 1952 terra
1484 1931 1547 1965 per

98 1967 174 2000 dies
200 1973 341 2000 centum
375 1973 411 2000 et
443 1968 571 2011 viginti
610 1967 692 2010 gelu
719 1972 980 2008 cencres-ceren
1020 1980 1063 2000 ex
1098 1979 1169 2012 quo
1206 1967 1315 2000 fames
1349 1967 1474 2009 iugens
1512 1973 1550 2001 et

98 2016 295 2048 mortalitas
321 2016 491 2047 immensa
508 2020 698 2060 pervagata
716 2021 780 2054 est,
805 2014 895 2046 adeo
924 2020 963 2047 ut
989 2016 1060 2047 vivi
1085 2015 1233 2047 mortuis
1259 2013 1449 2046 efferendis
1474 2025 1550 2048 non

99 2061 310 2095 sullicerent.
373 2064 548 2096 Romanus
576 2067 694 2095 autem
733 2063 925 2106 imperator
954 2061 1218 2094 intolerandam
1242 2061 1342 2094 illam
1366 2061 1551 2094 calamita-

98 2115 171 2141 tem
197 2109 470 2154 contemplatus,
495 2112 642 2142 affectus
678 2108 723 2141 ad
750 2107 1026 2141 misericordiam
1051 2110 1219 2154 proclivis
1248 2108 1355 2152 digna
1384 2108 1549 2142 exhibuit

99 2162 316 2199 argumenta,
332 2157 637 2199 eleemosynarum
656 2156 875 2189 liberalitate
891 2156 1045 2200 plurima
1076 2156 1179 2189 famis
1202 2155 1437 2200 indigentiam
1464 2167 1554 2189 con-

101 2203 246 2235 solatus.
298 2203 426 2236 exinde
452 2205 650 2248 porticuum
681 2205 796 2248 spatia
822 2202 995 2236 tabulatis
1021 2202 1195 2244 distinxit,
1220 2209 1256 2236 et
1282 2203 1455 2236 fenestras
1485 2215 1550 2247 ap-

104 2249 251 2294 posuit,
279 2251 328 2283 ita
356 2257 395 2283 ut
421 2252 481 2283 uix
507 2256 544 2284 et
568 2251 676 2294 frigus
715 2252 752 2284 in
779 2261 955 2296 pauperes
980 2261 1045 2296 per
1069 2262 1111 2283 ea
1137 2262 1212 2284 non
1236 2251 1456 2294 ingruerent.
1508 2262 1551 2282 eo

102 2302 263 2341 tempore
302 2298 438 2330 cunctis
478 2298 517 2330 in
553 2297 750 2343 porticibus
784 2298 894 2330 arelas
920 2297 971 2330 ita
1007 2296 1119 2331 dictas
1153 2297 1344 2343 disposuit,
1370 2303 1406 2330 et
1432 2299 1552 2341 egenis

103 2342 237 2376 ibidem
267 2344 467 2377 iacentibus
486 2351 687 2389 'argenteos
726 2356 888 2377 nummos
922 2355 987 2388 per
1010 2355 1148 2378 menses
1185 2345 1345 2389 singulos
1370 2345 1554 2389 praecepit

105 2390 285 2431 distribui,
314 2383 556 2424 et'menstrua
585 2393 733 2426 trimitia
759 2404 824 2437 per
853 2391 1020 2424 ecclesias
1045 2391 1083 2424 in
1105 2393 1197 2426 alios
1221 2404 1398 2438 pauperes
1429 2390 1553 2431 dividi,

105 2437 195 2470 adeo
215 2443 256 2470 ut
273 2449 365 2483 quae
385 2450 448 2483 per
462 2440 572 2472 arelas
590 2445 626 2473 et
645 2440 811 2472 eoelesias
828 2444 1058 2482 erogarentur
1073 2440 1211 2484 argenti
1228 2440 1303 2472 cusi
1328 2439 1555 2480 numismata,

106 2484 152 2517 ad
175 2484 274 2517 milia
311 2484 499 2518 duodecim
528 2491 810 2520 numerarentur.
846 2486 934 2518 haec
957 2486 994 2519 in
1018 2485 1295 2520 misericordiam
1324 2493 1359 2519 et
1384 2486 1556 2531 pietatem

107 2543 305 2577 propensus
339 2533 415 2564 eius
452 2534 606 2574 animus,
632 2534 792 2566 liberalis
830 2544 1024 2578 pauperum
1067 2536 1249 2579 provisor,
1276 2533 1402 2566 donari
1428 2535 1556 2567 sanxit.

108 2590 240 2621 egenos
273 2580 418 2624 insuper
441 2585 559 2614 ternos
586 2581 714 2614 diebus
740 2581 888 2623 singulis
915 2591 1033 2613 secum
1069 2581 1254 2614 comedere
1280 2581 1407 2620 voluit,
1434 2581 1560 2625 singu-,

109 2626 224 2670 lisque
262 2637 443 2659 nummum
473 2639 581 2660 unum
614 2627 864 2661 distribuebat.
915 2627 1004 2660 seria
1039 2639 1124 2662 vero
1155 2634 1279 2674 quarta
1305 2633 1341 2661 et
1365 2639 1559 2673 parasceue

110 2673 274 2705 monachi
308 2679 377 2706 tres
404 2681 546 2717 egentes
585 2675 639 2707 illi
666 2675 970 2715 convivabantur,
1013 2677 1075 2722 qui
1118 2675 1307 2708 definitum
1333 2675 1560 2720 accipiebant

109 2720 294 2753 numisma.
324 2721 444 2766 'quod
479 2723 517 2756 in
541 2724 767 2757 monasteriis
795 2722 977 2757 observari
1004 2724 1118 2763 solet,
1144 2729 1184 2756 ut
1208 2722 1279 2756 cibi
1305 2727 1467 2770 tempore
1493 2723 1558 2757 ha-
