1806 3158
247 154 308 200 56
579 175 584 180 -
632 141 858 213 [Lssoms
899 141 1282 214 GRAMMATIOE]

241 259 550 313 ψηφισαμένου,
577 257 634 312 μὴ
677 256 906 309 δυνάμενος
944 255 1014 299 διὰ
1043 258 1087 298 τό
1133 259 1290 312 πλῆθος
1328 258 1404 300 τοῦ
1433 259 1534 299 λαοῦ
1563 259 1683 300 ἐντυ-

238 329 330 375 χεῖν
348 323 472 380 αὐτῷ,
498 322 680 378 ἔγραψεν
709 319 941 378 ((ἆνάστηθι
965 322 1125 378 δήμιε,”
1153 325 1226 363 καί
1244 324 1481 378 σφραγίσας
1511 321 1685 378 ἔρριψεν

241 391 285 434 ὲν
301 391 355 445 τῷ
373 391 509 446 κόλπῳ
526 391 658 431 αὕτοῦ
671 407 679 416 ·
710 387 810 443 ὅπερ
838 389 1038 444 ἀναγνούς
1060 390 1080 430 ὁ
1100 392 1269 444 Καῖσαρ
1303 389 1465 445 ἀνέστη,
1482 390 1681 437 κελεύσας

242 454 424 508 α’ργῆσαι
452 455 501 497 τά
527 459 720 509 κριθέντα
741 455 808 496 ὑπ’
838 455 981 497 αὐτοῦ.
1015 455 1138 497 πάλιν
1160 458 1206 498 δέ
1229 472 1292 505 τις
1309 459 1391 497 τῶν
1412 457 1682 510 στρατιωτῶν

241 520 491 576 φιλούμενος
523 523 619 574 παρ’
651 523 763 578 αὐτῷ
791 523 944 576 ἐδεήθη
971 524 1043 575 τῆς
1067 523 1125 571 εἰς
1152 521 1196 564 τὸ
1225 522 1524 576 βουλευτήριον
1552 521 1714 564 αὖτοῧὸ

239 589 484 640 παρουσίας,
514 586 701 636 εἰπόντος
728 589 774 629 δὲ
806 586 932 629 αΰτὸν
958 590 1036 639 μὲν
1064 589 1350 641 ἀσχολεῖσθαι,
1383 589 1605 643 ἐπιτρέψαι
1634 590 1682 630 δὲ

239 667 318 693 τινι
347 654 428 693 τῶν
458 655 591 706 φίλων
620 656 930 707 παραγενέσθαι
967 653 1040 694 καί
1072 653 1148 706 τήν
1171 652 1319 708 χρείαν
1351 656 1582 709 πληρῶσαι,
1609 654 1689 708 o‘p-¹

239 722 399 771 γισθείς
440 716 521 774 ἔφη
566 717 672 772 “s‘yui
699 721 869 773 μέντοι,
912 718 1052 767 ὁσάκις
1097 716 1147 760 ἂν
1192 721 1267 774 τῆς
1299 722 1402 773 ε’,ιιῆς
1441 720 1685 774 ἐπικουρίας

238 783 429 840 ε’δεήθης,
454 781 530 825 οὔκ
572 780 698 826 ἄλλον
744 785 829 826 ἄντ’
859 786 967 838 ἐμοῦ
998 782 1209 838 έ’πεμψα.”
1265 785 1527 840 ἐρυθριάσας
1554 780 1630 827 οὖν
1659 783 1682 826 ὅ

237 851 411 902 Καῖσαρ
441 853 684 904 συναπῆλθε
716 851 788 892 καί
818 853 1084 904 συνέπραξεν.
1152 847 1238 904 εἶχε
1267 853 1314 892 δὲ
1343 849 1416 892 καί
1435 847 1682 908 Ἀθηνόδω-
1694 863 1738 897 10

238 931 311 968 ρον
336 914 407 956 τὸν
430 915 715 972 Ἀλεξανδρέα
756 915 1001 972 σοφώτατον
1035 916 1160 972 πάνυ,
1190 916 1236 965 ὃς
1263 919 1308 959 έν
1336 922 1422 966 τοῖς
1449 917 1682 971 αἰσχίστοις

237 979 374 1035 ἔργοις
397 983 472 1022 τοῦ
503 983 722 1036 Καίσαρος
749 984 928 1035 ἐλέγχων
967 981 1092 1024 αὐτὸν
1118 981 1381 1038 ε’πηνιόρθου.
1439 982 1460 1026 ὅ
1492 985 1538 1025 δὲ
1569 987 1682 1026 Καῖ-

238 1063 318 1101 σαρ
347 1045 541 1096 πολλάκις
570 1049 614 1088 έν
640 1050 689 1104 τῇ
706 1047 915 1103 συγκλήτῳ
943 1047 1015 1089 τὸν
1038 1045 1342 1103 Ἀθηνόδωρον
1365 1052 1546 1092 ἐπαινῶν
1574 1066 1682 1105 προ-

239 1116 399 1155 σετίθει
440 1113 497 1161 ὥς
542 1116 615 1155 καί
642 1112 765 1162 αὐτὸς
799 1115 951 1163 ἐκεῖνος
978 1113 1056 1155 ὑπό
1085 1115 1393 1171 Ἀθηνοδώρου
1421 1118 1680 1171 διώρθωται,

238 1179 365 1220 κακὸν
390 1182 481 1232 βίον
508 1178 702 1235 πρότερον
727 1181 929 1236 ἐσχηκώς.
994 1180 1015 1222 ὃ
1054 1184 1154 1236 γοῦν
1176 1178 1477 1238 Ἀθηνόδωρος
1504 1199 1683 1238 καταγη-
1696 1194 1739 1228 15

241 1244 375 1299 ράσας
401 1242 550 1302 ᾔτησεν
577 1246 635 1294 εἰς
665 1245 740 1301 τὴν
769 1247 880 1287 ἰδίαν
905 1249 1150 1303 πεμφθῆναι
1180 1250 1359 1302 πατρίδα
1381 1266 1390 1275 ·
1464 1247 1575 1303 ἔλεγε
1599 1248 1679 1304 γὰρ

239 1310 297 1360 αἶς
326 1315 480 1361 τέλειος
508 1311 572 1366 εἴη
602 1311 623 1352 ὃ
664 1315 837 1366 Καῖσαρ
876 1312 981 1354 κατὰ
1009 1316 1149 1355 πᾶσαν
1199 1318 1452 1370 φιλοσοφίαν
1476 1315 1548 1357 καὶ
1574 1317 1684 1370 πρᾶ-

238 1381 313 1428 ξιν.
370 1377 427 1425 ὥς
454 1379 501 1419 δὲ
527 1380 689 1432 μέλλων
736 1379 931 1433 ἀπαίρειν
967 1378 1176 1432 ἠσπάζετο
1205 1379 1346 1434 αὐτόν,
1375 1382 1448 1422 καί
1473 1378 1684 1433 ἐπικύψας

238 1442 338 1496 πρὸς
369 1443 416 1484 τό
445 1437 514 1492 οὖς
538 1442 761 1497 παρεκάλει
789 1445 869 1500 ἵνα,
903 1442 1045 1493 ὁσάκις
1071 1444 1270 1502 ὄργισθῇ,
1301 1445 1358 1499 μὴ
1388 1445 1589 1501 πρότερον
1616 1462 1681 1488 κε-

238 1511 364 1565 λεύσῃ
395 1512 439 1550 τί
464 1511 681 1564 πρακτέον,
720 1512 818 1564 πρίν
860 1507 912 1551 ἂν
940 1514 1039 1552 καθ’
1069 1508 1219 1553 ἑαυτὸν
1247 1514 1464 1569 ἀριθμήσῃ
1494 1510 1544 1554 τοὶ
1576 1514 1738 1556 εἴπεο-20

238 1577 464 1629 σιτέσσαρα
492 1582 704 1628 στοιχεῖα·
777 1571 868 1630 ᾔδει
898 1575 976 1630 γάρ
1009 1575 1137 1618 αὐτὸν
1167 1577 1378 1631 ὀξύθυμον
1408 1582 1478 1620 καί
1503 1578 1682 1631 εὖμετά·

238 1645 387 1695 βλητον
416 1637 531 1682 ὄντα.
596 1638 617 1681 ὃ
662 1643 708 1683 δὲ
735 1645 906 1694 Καῖσαρ
939 1642 1187 1694 αἰσθόμενος
1213 1644 1294 1699 ἔφη
1323 1640 1398 1685 αεὖ
1425 1660 1472 1698 γε
1499 1642 1681 1698 ὑπέμνη-

239 1706 315 1755 σάς
338 1722 392 1760 με
423 1705 479 1755 ὥς
521 1707 669 1762 ἀτελής
698 1708 805 1762 εἰμι·
876 1706 947 1750 διὰ
977 1709 1097 1751 τοῦτο
1143 1711 1196 1751 ου’
1221 1710 1483 1767 συγχωρήσω
1513 1727 1580 1754 σοι
1606 1713 1681 1766 τῆς

240 1913 317 1946 dam
343 1913 505 1953 Caesare,
519 1913 721 1957 multosque
745 1913 870 1957 capitis
897 1913 1170 1954 condemnante,
1200 1925 1308 1960 quum
1335 1925 1397 1958 per
1412 1913 1679 1955 multitudinem

196 1975 206 1987 a
238 1960 364 2004 populi
391 1972 463 1994 non
490 1965 611 2004 posset
626 1971 705 1992 eum
729 1959 837 2000 adire,
862 1961 1016 2004 scripsit:
1042 1966 1169 2004 “surge
1192 1961 1368 1993 earnifex”
1396 1966 1502 2006 atque
1520 1961 1589 1994 hoc
1613 1961 1678 1995 ob-

238 2007 413 2050 signatum
442 2008 475 2040 ei
512 2007 549 2039 iu
582 2007 697 2038 sinum
725 2006 859 2039 inie'cit.
918 2007 1016 2051 quod
1043 2019 1120 2040 cum
1146 2007 1275 2039 caesar
1298 2008 1443 2051 legisset
1469 2008 1620 2041 surrexit
1642 2014 1681 2042 ek

238 2054 370 2086 iudicia
394 2066 455 2086 sua
478 2054 609 2086 differri
637 2053 749 2086 iussit.
800 2054 981 2098 quondam
1007 2055 1109 2087 miles
1131 2054 1272 2099 quidam
1301 2054 1334 2086 ei
1359 2065 1459 2086 carus
1479 2065 1588 2099 quum
1613 2066 1678 2099 pe-

237 2101 365 2139 tiisset,
393 2106 432 2134 ut
460 2101 496 2133 in
515 2106 640 2132 senatu
656 2111 823 2145 praesens
848 2100 999 2142 adesset,
1025 2107 1178 2145 negante
1193 2100 1338 2133 Caesare
1359 2101 1471 2133 otium
1495 2101 1561 2133 sibi
1587 2112 1678 2142 esse,

237 2153 274 2180 et
306 2150 496 2179 amicorum
528 2146 666 2179 cuidam
699 2148 895 2191 imperante
931 2153 970 2181 ut
1006 2147 1149 2182 adesset
1183 2153 1219 2180 et
1254 2147 1436 2190 negotium
1474 2148 1678 2189 conficeret,

236 2194 336 2227 miles
362 2195 481 2233 iratus,
506 2199 609 2237 “ego‚
633 2194 776 2239 inquit,
813 2195 954 2239 quoties
990 2206 1070 2227 meo
1099 2194 1232 2227 auxilio
1279 2193 1405 2237 egebas
1430 2205 1502 2226 non
1527 2195 1678 2228 alterum

236 2252 301 2286 pro
326 2252 381 2273 me
405 2241 518 2276 misi-Jy
567 2239 710 2272 erubuit
737 2246 810 2273 tum
839 2242 965 2274 Caesar
990 2247 1025 2274 et
1051 2253 1120 2274 uua
1145 2252 1223 2273 eum
1251 2240 1316 2273 illo
1348 2242 1411 2273 ivit
1434 2246 1470 2274 et
1493 2252 1565 2274 rem
1589 2253 1677 2276 eon-

236 2287 330 2320 fecit.
380 2286 506 2320 habuit
531 2287 634 2319 etiam
661 2287 927 2321 Athenodorum
957 2288 1248 2327 Alexandrinum,
1277 2286 1456 2320 hominem
1482 2288 1679 2332 sapientis-

237 2335 361 2367 simum
387 2335 449 2378 qui
475 2335 513 2366 in
548 2334 668 2377 impiis
697 2335 914 2367 facinoribus
954 2346 1034 2367 eum
1062 2336 1267 2379 vituperans
1296 2335 1456 2367 correxit.
1507 2341 1544 2368 et
1570 2346 1677 2381 saepe

235 2381 365 2414 Caesar
398 2382 435 2413 in
476 2380 625 2412 consilio
666 2392 728 2412 suo
766 2381 914 2414 laudans
944 2381 1214 2414 Athenodorum
1254 2380 1360 2420 dixit,
1395 2392 1472 2413 sese
1495 2381 1540 2414 ab
1564 2382 1676 2415 Athe-

235 2428 372 2462 nodoro
426 2428 609 2460 meliorem
651 2426 828 2460 redditum
877 2440 976 2469 esse,
1022 2440 1129 2473 quum
1172 2433 1275 2460 antea
1319 2428 1484 2472 improbe
1518 2429 1674 2461 vixisset.

235 2475 293 2507 hic
319 2473 565 2508 Athenodorus
596 2486 706 2519 quum
730 2475 984 2515 consenuisset,
1012 2476 1116 2519 petiit
1140 2474 1185 2506 ab
1204 2475 1373 2517 Augusto,
1402 2480 1441 2507 ut
1465 2475 1503 2507 in
1526 2476 1677 2519 patriam

235 2534 332 2554 suam
359 2522 606 2560 remitteretur,
633 2520 725 2553 dixit
750 2522 843 2553 enini
863 2521 1045 2554 Caesarem
1070 2521 1167 2554 omni
1195 2520 1426 2565 philosophia
1451 2528 1488 2554 et
1512 2522 1609 2555 omni
1638 2533 1676 2555 re

234 2569 429 2610 pen-sectum
466 2579 553 2600 esse.
619 2579 726 2612 quum
759 2579 842 2600 vero
871 2569 1092 2612 profecturus
1131 2573 1224 2600 esset
1248 2578 1326 2600 eum
1352 2568 1534 2611 amplexus
1561 2573 1614 2602 est
1642 2573 1678 2602 et

234 2615 271 2645 in
299 2626 418 2646 aurem
445 2614 543 2654 dixit,
567 2625 611 2646 ne
652 2613 739 2658 quid
777 2615 886 2647 iratus
924 2616 1022 2659 prins
1047 2615 1123 2647 fieri
1153 2613 1315 2653 iuberet,
1357 2625 1463 2657 quam
1487 2626 1605 2648 secum
1631 2614 1678 2647 24

234 2661 370 2692 litteras
412 2661 700 2705 pronunciasset3
739 2661 875 2694 sciebat
911 2662 1005 2693 enim
1042 2673 1121 2694 eum
1158 2661 1364 2693 iracundum
1401 2667 1437 2694 et
1463 2661 1677 2706 placabilem

234 2718 320 2740 esse.
370 2707 424 2740 his
450 2708 580 2742 auditis
606 2708 745 2747 Caesar,
772 2708 902 2749 sthene,
929 2708 1060 2754 inquit,
1083 2707 1263 2749 admones,
1289 2708 1450 2743 nondum
1475 2709 1670 2755 perfectum
