1838 3132
600 166 1090 213 CHRONOGRAPmA.
1499 159 1563 206 69

123 271 170 312 δὲ
198 268 358 310 παλαιοὶ
388 271 566 322 λείψανα
595 271 669 323 τῆς
696 269 851 317 πόλεως
878 269 1089 321 ἕρειπίσας
1118 264 1192 311 καί
1215 266 1450 326 ἑρημαξσας,
1480 268 1566 308 κτί-

125 338 187 388 ζει
212 335 286 378 ἐπὶ
311 336 369 391 τῷ
398 337 490 393 ἰδίῳ
534 335 704 388 ὄνόματι
742 334 818 388 τήν
845 335 986 388 πόλιν,
1013 334 1172 378 Αἰλίαν
1208 329 1338 386 αὐτὴν
1365 334 1568 385 ἐπονομά-

124 415 216 450 σας.
286 402 331 442 ἐν
371 402 418 442 δὲ
459 402 514 458 τῷ
552 403 638 458 ναῷ
678 399 750 443 τὸν
781 401 913 442 αὕτοῦ
949 399 1178 453 ἀνδριάντα
1206 397 1470 453 ἀνεστήλωσε
1497 397 1568 440 διὰ

123 465 169 508 td
200 463 307 509 εἶναι
336 464 468 508 αὐτὸν
489 464 636 523 λωβόν,
666 463 777 515 ὅπως
815 462 918 523 εὕρῃ
947 465 1075 510 ἴασιν.
1130 466 1303 518 Σίμιλον
1330 466 1375 507 δέ
1401 481 1498 519 ,τινα
1526 462 1571 507 ἔν

94 545 171 578 5τε
201 534 403 587 φρονήσει
431 531 504 573 καί
532 534 731 589 ἐπιεικείᾳ
774 533 847 573 καί
875 532 1040 584 ἀρεταῖς
1070 535 1242 580 πολλαῖς
1268 533 1572 585 κεκοσμημένον

126 597 239 640 πάνυ
268 599 417 653 ἐτίμα,
447 597 520 639 καὶ
553 599 598 640 ἐν
623 596 780 654 μεγάλῃ
811 598 924 653 ἄρχῇ
953 598 1145 650 ἐτίμησεν
1172 596 1301 639 αὕτόν
1320 613 1332 625 ·
1391 596 1481 639 ἀλλ’
1508 599 1573 639 ἐπ’

129 662 267 719 ὀλίγον
308 667 382 719 τῆς
414 666 557 718 ,α’ρχῆς
593 663 804 719 κρατήσας
837 664 1002 717 δεηθείς
1045 665 1188 717 ἐξέστη
1229 664 1382 720 αὐτῆς,
1420 665 1493 706 καὶ
1529 664 1575 705 ἐν

126 731 244 788 ἀγρῷ
270 727 371 772 ἔπτὰ
414 729 486 785 ἔτη
518 732 743 785 διατρίψας
784 728 1058 784 ἐτελεύτησεν,
1085 731 1367 785 ἐπιγραφῆναι
1395 730 1575 783 προστά-

127 800 201 849 ξας
228 799 272 839 ἐν
302 798 362 854 τῷ
393 796 582 851 μνήματι
609 797 744 838 αὐτοῦ
774 792 909 844 οὕτως
947 796 1144 848 ((Σιζιιιλος
1176 797 1362 837 ἐνταῦθα
1387 792 1576 837 ›caruim-

74 868 116 903 10
128 879 209 916 ται,
236 862 394 916 βιώσας
416 864 493 916 μὲν
523 861 592 919 ἔτη
609 863 729 916 τόσα,
761 863 888 916 ζήσας
906 864 952 904 δὲ
979 858 1123 903 ἓπτά.”
1150 859 1321 916 θνήσκει
1348 863 1395 904 δὲ
1421 861 1575 916 Ἀδρά-

127 928 195 977 νὸς
222 929 466 971 ’Λντωνῖνον
492 928 877 983 προχειρισάμενος.
943 928 1132 970 ἀπέθανε
1160 929 1207 969 δὲ
1234 928 1305 984 βίᾳ
1335 929 1409 982 τῆς
1433 926 1574 979 νόσου,

127 994 293 1049 κράζων
324 991 387 1036 4ιαῖ
415 997 518 1047 Ζεῦ,
564 993 694 1036 πόσον
721 995 847 1036 κακόν
887 996 1000 1036 ἐστιν
1034 992 1321 1046 ἐπιθυμοῦντά
1352 1010 1442 1035 τινα
1471 994 1576 1034 αήο-

130 1064 276 1102 θανεῖν
306 1061 377 1102 καί
401 1060 460 1115 μή
491 1060 750 1116 τυγχάνειν.”
820 1063 892 1102 ἐπί
915 1056 1143 1114 Ἀδριανοῦ
1165 1058 1357 1113 ὑπῆρχον
1384 1057 1578 1112 αἱρεσιιὸ..

130 1143 213 1179 ται,
245 1127 397 1182 ἐχθροὶ
422 1130 494 1181 τῆς
526 1130 609 1169 τῶν
635 1129 909 1181 Χριστιανῶν
938 1126 1113 1175 πίστεως
1134 1127 1378 1181 Σατορνῖνος
1404 1125 1476 1166 καί
1490 1127 1577 1166 Βα-

77 1200 120 1234 15
130 1193 320 1249 σιλείδης·
341 1195 414 1235 καί
440 1191 763 1250 Καρποκράτης.

608 1317 832 1358 Ἀντωνῖνος
864 1318 886 1354 ὅ
921 1318 1080 1365 εὐσεβής.

538 1410 552 1425 t

242 1408 486 1463 Ἀντωνῖνος
530 1429 551 1454 ο
598 1408 773 1469 εὗσεβὴς
810 1401 1080 1467 ἐβασίλευσεν
1118 1410 1189 1469 ἔτη
1218 1412 1293 1467 κδ’,
1324 1412 1582 1468 vinnom-‘hig

133 1479 189 1534 τῷ
218 1480 436 1536 Ἀδριανῷ,
466 1480 539 1521 καί
564 1482 725 1534 πρῶτος
752 1481 834 1523 τῶν
862 1478 1183 1535 αὐτοκρατόρων
1209 1480 1386 1534 εὐσεβής
1413 1478 1584 1533 ἐπεκλή-

134 1547 218 1600 aq·
273 1546 413 1586 πᾶσαν
439 1545 520 1600 γάρ
552 1544 705 1602 ἀρετήν
733 1544 1000 1600 ἐπεκτήσατο.
1055 1544 1227 1601 θνήσκει
1256 1547 1302 1588 δὲ
1320 1544 1583 1601 προβαλόμε-

230 1676 261 1707 1.
284 1676 464 1719 λείψαντα
489 1674 514 1707 C
635 1675 689 1708 17.
720 1673 938 1711 Ἀντωνῖνος
970 1674 990 1709 ὁ
1031 1671 1183 1719 εὗσεβῆς
1210 1677 1273 1708 καὶ
1309 1672 1446 1718 Οὕιρος
1480 1671 1580 1720 ιεχξιί

228 1722 290 1763 τῆς
317 1721 396 1755 ox&
423 1723 485 1756 ἐπὶ
514 1719 627 1756 αὐτοῦ
659 1724 905 1768 ἐγνωρίζοντο
945 1717 1214 1762 Οὗαλεντιανός
1245 1723 1309 1756 καὶ
1332 1721 1487 1768 Κέρδων
1519 1722 1584 1755 καὶ

231 1773 414 1815 ΒΙΙαρκίων
441 1769 686 1816 αἶρεσιάρχοιι
710 1771 750 1805 ἐν
770 1769 889 1816 Ῥώμῃ
922 1779 1054 1813 margo.

139 1887 261 1910 eorum
288 1877 481 1910 interfecit.
529 1878 668 1921 signum
695 1877 803 1911 huius
830 1878 1043 1912 calamitatis
1068 1878 1139 1912 fuit
1162 1876 1261 1923 quod
1286 1876 1503 1909 Solomontis
1529 1885 1585 1908 se-

139 1923 327 1969 pulchrum
355 1935 416 1956 sua
441 1930 568 1969 sponte
609 1931 771 1968 apertum
803 1930 869 1958 est.
927 1925 1086 1970 antiquis
1120 1924 1217 1957 urhis
1253 1923 1364 1956 ruinis
1390 1922 1521 1956 deletis
1549 1926 1587 1954 et

141 1971 309 2012 disiectis,
335 1971 456 2003 urbem
482 1971 644 2004 condidit
667 1977 704 2004 et
733 1971 778 2004 de
803 1983 865 2004 suo
898 1973 1044 2005 nomine
1066 1972 1206 2005 Aeliam
1232 1970 1335 2003 dixit.
1386 1971 1424 2002 in
1450 1969 1585 2011 templo

140 2024 261 2051 autem
295 2018 520 2050 simulacrum
549 2020 602 2050 sui
620 2019 819 2059 collocavit,
844 2030 887 2051 eo
912 2019 1063 2052 consilio
1090 2024 1130 2052 ut
1155 2019 1253 2062 lepra
1281 2017 1504 2049 liberaretur.
1527 2015 1585 2047 Si-

140 2066 262 2098 milum
289 2065 480 2110 quendam,
506 2066 656 2105 ratione,
682 2066 863 2110 aequitate
891 2066 1088 2110 multisque
1119 2064 1310 2098 virtutibus
1335 2069 1499 2096 ornatum
1522 2061 1587 2094 ad-

140 2112 286 2145 modum
311 2112 501 2145 honoravit
534 2118 571 2145 et
599 2124 761 2156 magnam
794 2113 1050 2156 praefecturam
1085 2113 1118 2146 ei
1146 2111 1283 2145 tribuit.
1333 2109 1397 2143 sed
1421 2111 1451 2142 is
1477 2120 1587 2154 quum

141 2170 206 2204 per
234 2159 383 2204 aliquod
397 2165 536 2203 tempus
553 2160 809 2203 praefecturam
829 2159 1120 2201 administrasset,
1146 2159 1231 2192 inde
1258 2158 1404 2191 recessit
1426 2162 1465 2189 et
1489 2155 1587 2188 otio·

142 2218 200 2239 sus
224 2206 243 2239 7
272 2218 383 2239 anuos
408 2217 517 2250 quum
545 2206 700 2250 degisset
737 2212 897 2240 mortuus
922 2213 985 2248 est,
1011 2207 1078 2239 hac
1103 2205 1318 2251 sepulchrali
1355 2204 1588 2248 inscriptione

143 2253 285 2286 relicta:
310 2253 479 2286 “Similus
508 2253 565 2286 hic
589 2255 691 2294 iacet,
722 2259 777 2287 tot
800 2265 912 2286 annos
942 2254 1042 2295 vixit,
1064 2254 1138 2287 vita
1163 2253 1292 2286 fruitus
1316 2257 1370 2284 est
1396 2251 1416 2284 7
1441 2250 1588 2283 annos.’'

142 2305 300 2333 mortuus
330 2306 383 2333 est
406 2299 582 2333 Adrianus
608 2301 788 2333 Antonino
817 2300 1000 2344 designato
1025 2301 1253 2346 imperatore.
1301 2298 1427 2331 morbo
1454 2296 1588 2330 exstin-

144 2352 234 2382 ctus⁴
252 2352 306 2380 est
331 2348 511 2379 clamans:
549 2359 570 2380 o
590 2348 741 2391 Iupiter,
779 2354 913 2391 quanta
938 2348 1077 2381 miseria
1105 2354 1171 2388 est,
1196 2347 1285 2380 mori
1312 2346 1492 2379 volentem
1516 2353 1591 2376 non

145 2394 282 2438 posse.’'
331 2393 396 2427 sub
422 2394 577 2427 Adriano
604 2394 749 2427 fuerunt
775 2394 959 2436 haeretici,
995 2395 1216 2429 Christianae
1242 2392 1328 2427 fidei
1351 2391 1498 2433 inimici,
1523 2390 1588 2423 Sa-

145 2440 322 2481 turnium,
350 2440 518 2474 Basilides
543 2446 579 2474 et
605 2441 846 2486 Carpocrates.

707 2537 920 2582 ,Aummws
945 2536 1039 2570 Pms.

245 2626 444 2659 Antoninus
470 2627 549 2660 Pius
575 2638 687 2660 annos
714 2628 760 2660 24
784 2628 954 2671 regnavit,
979 2627 1168 2671 adoptatus
1194 2625 1237 2657 ab
1263 2614 1417 2657 Adriano
1443 2623 1595 2667 primus-

150 2685 220 2716 que
248 2673 501 2718 imperatorum
525 2675 606 2719 pius
632 2681 686 2707 est
719 2676 1006 2717 cognominatus,
1033 2685 1173 2707 omnem
1201 2672 1295 2704 enim
1320 2671 1487 2703 virtutem
1510 2679 1596 2713 pos—

151 2720 303 2754 sidebat.
353 2725 515 2754 mortuus
549 2727 602 2754 est
638 2722 853 2767 imperatore
890 2721 1074 2766 designato
1102 2720 1221 2753 Marco
1249 2718 1431 2752 Antonino
1468 2726 1597 2761 genere
