1806 3158
253 130 311 172 12
634 113 854 186 [LEONJS
886 114 1264 188 GRAMMATml]

246 232 393 285 μηκέτι
419 231 590 285 ποιῆσαι
629 230 927 283 κατακλυσμόν.
1001 230 1301 284 ἀποδεξάμενος
1329 227 1402 284 οὖν
1430 231 1451 274 ὃ
1475 232 1575 282 θεὸς
1602 233 1680 289 τὴν

246 291 324 338 τοῦ
347 289 497 350 ἇνδρος
539 295 689 351 α’ρετὴν
736 294 964 349 ὑπέσχετο,
992 302 1162 351 σημεῖον
1199 298 1359 346 ἐπιθείς
1388 297 1432 339 τὸ
1461 297 1576 347 τόξον
1607 300 1678 353 τῆς

245 361 390 415 ἴριδος.
447 363 602 415 ἐγένετο
633 362 654 402 ὅ
681 361 968 414 κατακλυσμὸς
993 365 1048 419 τῷ
1078 361 1348 420 ἑξακοσιοστῷ
1364 362 1446 405 ἔτει
1475 366 1550 406 τοῦ
1565 367 1678 407 Ναῖε.

243 429 423 481 γίνονται
451 427 533 468 α’πὸ
559 424 699 479 Ἀδάμ
724 431 851 481 μέχρι
868 430 966 470 Νῶε
992 429 1064 471 καί
1083 431 1157 470 τοῦ
1183 432 1476 482 κατακλυσμοῦ
1501 427 1574 485 ἔτη
1588 431 1678 471 δισ-

240 492 360 547 χίλια
388 493 578 535 διακόσια
607 493 915 545 τεσσαράκοντα
943 492 1033 539 δύο.
1687 492 1709 526 5

344 555 409 600 Ἑν
438 559 483 599 δὲ
509 561 567 614 τῷ
596 559 776 615 δευτέρῳ
804 556 886 600 ἔτει
919 559 1026 612 μετά
1065 559 1138 602 τὸν
1166 560 1455 612 κατακλυσμὸν
1483 559 1575 615 Σημ
1604 574 1677 614 γε-

240 623 405 677 νόμενος
433 621 574 665 ἑκατὸν
612 624 714 664 ὲτῶν
746 625 935 678 ἐγέννησε
975 625 1047 667 τὸν
1075 629 1254 668 Καϊνᾶν.
1313 629 1478 668 Καϊνᾶν
1506 626 1676 680 γενόμε-

238 705 317 742 μος
341 686 489 731 ἑκατὸν
537 688 758 744 τριάκοντα
802 691 904 732 ἐτῶν
944 692 1132 746 ἐγέννησε
1173 691 1243 735 τὸν
1281 692 1408 737 Σαλα.
1478 695 1624 734 τοῦτον
1654 693 1675 732 ὅ

240 754 372 809 πατὴρ
413 755 647 810 αὐξηθέντα
689 753 930 808 γράμμασιν
971 759 1246 808 ἐξεπαίδευσέ.
1318 757 1391 800 καὶ
1415 757 1476 813 “51¹²
1516 773 1615 799 ποτε
1653 758 1674 798 ὃ

239 821 356 862 Edita
384 817 520 878 ἑαυτῷ
545 821 767 876 πορευθείς
798 823 994 864 α’ποικῖαν
1022 823 1380 880 κατασκέψασθαι,
1409 823 1545 866 ἐλθών
1572 823 1674 866 κατὰ
1691 825 1734 859 ¹⁰

239 886 312 941 την
341 880 581 941 Χαλδαιών,
607 886 835 941 γράμματα
864 887 935 930 ἐπὶ
959 890 1080 930 τινοῖν
1106 888 1288 942 εὑρίσκει
1314 891 1676 944 διακεχαραγμένα

238 954 416 1005 πετρῶν·
475 953 525 993 τὰ
558 953 604 994 δὲ
635 949 686 1008 ἦν
715 949 798 1006 ἄρα
815 955 896 995 τῶν
922 952 1175 1009 Ἐγρηγόρων
1204 953 1248 996 αἱ
1277 954 1542 1009 παραδόσεις.
1571 957 1676 997 ταῦ-

236 1035 287 1060 τα
317 1020 363 1060 δὲ
391 1017 708 1072 ἐκγραψάμενος
739 1016 759 1060 ὃ
793 1016 909 1060 Σαλα
940 1020 1062 1069 αὐτός
1085 1036 1129 1062 τε
1162 1022 1206 1062 έν
1237 1021 1378 1070 αὐτοῖς
1407 1020 1675 1077 ἐξημάρτανε,

237 1084 310 1126 καί
337 1083 436 1133 τούς
467 1080 619 1134 ἄλλους
665 1086 740 1140 τήν
784 1087 828 1127 ἐν
865 1085 1008 1134 αι’τοῖς
1049 1087 1226 1128 ἀτοπίαν
1251 1086 1503 1139 ἐξεπαίδευε.
1558 1089 1677 1129 Σαλα

237 1150 452 1206 γενόμενος
493 1147 639 1194 ἑκατόν
686 1150 903 1206 τριάκοντα
947 1153 1051 1194 ἐτῶν
1096 1153 1282 1208 ἐγέννησε
1312 1153 1382 1195 τὸν
1411 1149 1543 1206 Ἔβερ.
1608 1155 1678 1196 ἐπὶ
1693 1156 1736 1192 15

237 1217 384 1260 τούτου
411 1218 536 1261 πάλιν
563 1217 600 1261 οἱ
638 1214 853 1273 ἄνθρωποι
881 1219 940 1268 εἷς
970 1214 1137 1272 ἔπειρον
1178 1218 1456 1273 πληθύνονται
1483 1217 1681 1274 α’ριθμόν,

240 1288 314 1327 καί
340 1287 399 1335 εἷς
443 1281 571 1339 ἄκρον
618 1285 863 1340 αὐξηθέντες
903 1283 1102 1338 πονηρίας
1147 1284 1303 1338 πύργον
1346 1287 1529 1328 έννοοῦσι
1557 1302 1679 1328 κατα-

241 1351 445 1394 σκευάσαι
480 1350 757 1406 οὖρανομήκη,
782 1350 858 1405 τὴν
895 1353 955 1398 εἰς
1005 1347 1182 1404 οὖρανὸν
1216 1348 1379 1401 ἑαυτοῖς
1415 1347 1562 1394 ἄνοδον
1605 1350 1676 1394 διὰ

242 1417 392 1457 τούτου
421 1418 775 1472 προμηθούμενοι.
831 1414 904 1459 τὸν
934 1418 980 1458 δὲ
1006 1416 1162 1470 πύργον
1194 1416 1433 1474 ᾠκοδόμουν
1460 1418 1680 1472 προστάξει

245 1481 425 1535 Νεβροόδ
452 1482 555 1536 πρὸς
583 1482 801 1538 ἀποφυγὴν
845 1485 927 1524 τῶν
958 1485 1195 1536 ἐπομβρι’ων
1221 1482 1400 1538 ὑδάτων,
1427 1482 1482 1531 ὥς
1510 1485 1678 1536 ἐπιβου-
1690 1488 1736 1524 20

244 1548 430 1598 λεύοντος
461 1548 602 1597 αὐτοῖς
631 1552 703 1590 τοῦ
729 1551 831 1590 θεοῦ
862 1548 931 1590 διὰ
965 1551 1038 1591 τοῦ
1064 1547 1230 1597 ὕδατος.
1286 1546 1394 1603 ἦσαν
1418 1550 1464 1590 δὲ
1492 1547 1543 1590 τὰ
1573 1548 1680 1590 πάν.

245 1632 296 1657 τα
322 1617 405 1656 τῶν
445 1613 772 1666 οἶκοδομούντων
813 1613 912 1670 ἔθνη
962 1613 1263 1670 ἑβδομήκοντα,
1306 1614 1419 1670 φωνὴ
1452 1616 1497 1655 δὲ
1534 1615 1680 1664 αὐτοῖς

246 1683 373 1724 πᾶσιν
400 1682 607 1736 ἐνυπῆρχε
634 1681 733 1734 μιά·
765 1682 945 1736 Νεβρώδ
972 1683 1018 1724 δὲ
1057 1682 1196 1730 αὐτοῖς
1223 1680 1247 1722 ὅ
1275 1682 1405 1736 γίγας,
1435 1682 1680 1726 Χουσὲ,τοῦ
1725 1673 1730 1675 ⁴

337 1815 396 1850 20.
419 1814 725 1862 προμυθούμενοι
743 1815 769 1849 C

248 1938 417 1972 uxoribus
442 1938 678 1985 omnibusque
704 1943 740 1972 et
764 1939 930 1972 animalia
961 1940 1170 1973 eduxerunt.
1220 1939 1297 1974 Noe
1325 1944 1453 1981 autem,
1477 1939 1583 1972 sacris
1608 1937 1677 1972 deo

249 1986 391 2027 oblatis,
412 1987 534 2025 oravit,
564 1991 605 2019 ut
622 1997 667 2018 ne
695 1986 822 2018 iterum
851 1986 1023 2019 diluvium
1039 1987 1247 2020 mitteretur.
1297 1987 1471 2031 accipiens
1498 1985 1585 2018 deus
1608 1984 1679 2018 ho-

231 2033 354 2065 'minis
377 2033 546 2077 pietatem
570 2033 731 2077 promisit
759 2038 796 2065 et
819 2034 981 2077 promissi
1016 2034 1255 2067 testimonium
1280 2034 1465 2066 constituit
1487 2032 1678 2077 pluvialem

248 2090 378 2112 arcum.
428 2080 497 2112 fnit
522 2078 693 2113 diluvium
718 2081 971 2114 sexcentesimo
994 2081 1071 2114 Noe
1097 2091 1201 2113 ann0.
1261 2080 1306 2113 ab
1334 2079 1466 2113 Adamo
1498 2090 1608 2124 usque
1633 2078 1679 2112 ad

247 2126 327 2161 Noe
351 2131 387 2159 et
412 2124 585 2158 diluvium
624 2126 708 2159 anni
733 2132 816 2159 sunt
837 2126 941 2160 2242.

298 2206 299 2210 ,
369 2172 530 2205 Secundo
564 2178 644 2217 post
682 2172 856 2205 diluvium
891 2185 985 2207 anno
1018 2174 1098 2207 Sem
1129 2172 1194 2207 100
1228 2183 1339 2206 annos
1381 2177 1485 2206 natus
1519 2182 1680 2217 procrea-

249 2219 302 2252 vit
325 2219 471 2255 Cainan.
528 2219 661 2252 Cainan
688 2219 753 2252 130
797 2231 906 2254 annos
947 2226 1049 2254 natus
1091 2221 1287 2264 procreavit
1318 2219 1424 2260 Sala3
1457 2218 1552 2252 hunc
1575 2218 1679 2252 adul-

250 2272 324 2299 tum
359 2271 461 2310 pater
483 2266 612 2299 litteris
647 2265 814 2299 erudivit.
870 2279 1020 2313 cumque
1051 2266 1244 2311 aliquando
1283 2266 1364 2298 Sala
1399 2266 1601 2310 profectus,
1641 2270 1682 2298 ut

252 2311 509 2345 habitationem
546 2312 612 2345 sibi
653 2318 864 2357 quaereret,
898 2316 935 2348 in
969 2313 1179 2347 Chaldaeam
1221 2313 1393 2351 venisset,
1435 2312 1571 2345 litteras
1623 2312 1682 2344 in-

253 2359 351 2392 venit
388 2359 565 2403 lapidibus
611 2359 747 2392 incisas.
811 2360 878 2392 hae
924 2366 1024 2393 eraut
1067 2360 1316 2404 Egregororum
1358 2357 1575 2392 traditiones.
1637 2359 1682 2391 iis

253 2405 437 2451 descriptis
480 2406 560 2439 Sala
593 2411 628 2439 et
651 2406 728 2449 ipse
751 2408 909 2452 peccavit
942 2412 978 2440 et
1014 2411 1151 2440 ceteros
1183 2405 1376 2445 indecora,
1399 2416 1490 2449 quae
1518 2405 1682 2438 contine-

253 2451 350 2492 bant,
376 2452 507 2486 docuit.
532 2452 613 2485 Sala
644 2452 709 2486 130
734 2465 844 2486 annos
867 2459 969 2487 natus
998 2454 1196 2498 procreavit
1219 2452 1320 2485 Eber.
1370 2451 1436 2484 sub
1461 2451 1539 2484 hoc'
1555 2452 1682 2484 iterum

254 2497 416 2532 homines
441 2499 479 2532 in
508 2499 687 2532 infinitum
721 2511 904 2533 nnmerum
930 2500 1023 2533 aucti
1058 2504 1140 2532 sunt
1164 2505 1201 2531 et
1224 2499 1268 2531 ad
1294 2509 1462 2531 summam
1487 2499 1682 2544 nequitiam

255 2556 365 2590 quum
390 2547 653 2590 pervenissent,
685 2548 943 2580 constituerunt
972 2546 1096 2579 turrim
1122 2545 1308 2579 aedificare
1337 2545 1475 2578 coelum
1503 2547 1681 2589 attingen-

200 2610 206 2615 -
255 2596 339 2631 tem,
364 2603 426 2635 per
447 2604 521 2625 eam
546 2593 635 2626 coeli
663 2593 796 2626 aditum
823 2593 1101 2638 sibipatefacere
1127 2597 1306 2625 conantes.
1333 2603 1408 2624 eam
1434 2593 1558 2625 turrim
1586 2592 1681 2625 iussu

257 2637 403 2671 Nebrod
427 2640 670 2681 aedificarunt,
695 2645 736 2673 ut
753 2640 881 2673 imbres
906 2642 1110 2683 effugerent,
1137 2645 1304 2684 tanquam
1330 2637 1416 2671 deus
1441 2650 1533 2682 aqua
1556 2639 1600 2672 iis
1625 2639 1682 2671 in-

259 2683 466 2729 sidiaretur3
507 2691 607 2720 erant
629 2691 747 2721 autem
781 2697 902 2721 omnes
938 2687 1001 2733 qui
1033 2684 1273 2721 aedificabant
1308 2686 1434 2732 populi
1459 2685 1524 2727 70,
1549 2684 1681 2731 quibus
