1838 3132
285 198 382 242 372
841 191 1174 235 EUSTATHIUS

282 302 363 342 τῶν
393 314 437 340 τε
483 299 622 347 πεζῶν
667 296 747 336 τῶν
775 308 820 335 τε
866 295 961 334 καθ’
990 291 1162 345 ἵππους,
1199 289 1221 330 ὅ
1251 290 1420 332 κατόπιν
1449 291 1558 332 θέων
1585 289 1722 345 βαρὺς

282 361 404 419 ὄχλος
431 363 502 406 τὸν
532 358 790 415 προάγοντα,
831 361 903 401 καί
941 360 992 414 τῇ
1021 357 1245 400 ἑπιπτώσει
1286 353 1460 408 πάσχων
1489 355 1639 404 ἐκεῖνος
1670 355 1719 398 τὸ

282 428 429 483 ὅμοιον
459 427 544 470 ὑπὸ
571 427 652 468 τῶν
690 423 986 478 dumaaiss-pov
1016 423 1279 477 ἐγκειμένων,
1308 422 1401 470 οὐδ’
1426 417 1562 463 αὐτῶν
1588 423 1719 476 α’πηλ·

279 498 493 549 λαγμένων
520 494 593 534 τοῦ
622 492 718 533 καθ’
754 488 900 545 εἶρμὸν
944 485 1055 530 οὕτω
1082 486 1272 541 πάσχειν,
1300 488 1360 535 εἷς
1385 485 1564 528 κολωνόν
1588 489 1720 528 θανα-

278 563 489 612 τουμένων
511 558 720 613 ἐκορύφου
743 556 786 597 τὸ
818 555 1071 609 σύμπτωμα,
1103 552 1268 595 πάντων
1298 550 1404 605 ὄμοῦ
1430 554 1752 608 πεφυρμένων,5

278 626 516 679 ἀνθρώπων
562 623 696 664 ἵππων
731 619 911 677 ἧμιὸνων
939 615 1065 675 ὅνων,
1109 615 1169 667 οἷς
1200 619 1503 671 ἐπισεσαγμένα
1532 613 1638 671 ἦσαν
1665 615 1719 660 τὰ

276 697 363 739 τοῖς
392 694 557 739 πολλοῖς
590 690 807 743 α’ναγκαῖα.
880 689 953 728 καί
976 683 1127 739 βουνὸς
1157 686 1309 733 ἐκεῖνος
1337 686 1521 732 τοιοῦτος
1550 679 1722 726 rimavi-

276 771 403 800 στατο
443 757 497 812 τῷ
527 757 601 808 τῆς
642 751 797 802 πόλεως
840 755 970 794 ἐκεῖσε
998 749 1270 806 πυργώματι,
1312 752 1467 804 μικροῦ
1492 747 1722 804 παρεοικώς

276 827 363 871 τοῖς
394 822 670 875 ὲγειρομὲνοις
698 818 777 874 πρὸ
796 819 967 873 τειχέων
980 815 1190 871 χώμασιν,
1220 813 1249 856 ἃ
1271 815 1319 870 δὴ
1344 814 1417 858 καί
1429 814 1538 858 αὐτὰ
1559 831 1722 858 σκευω-

279 893 350 943 ρεῖ
375 888 472 928 ποτὲ
499 887 690 937 πόλεμος.
1735 896 1778 930 10

390 954 482 994 Καὶ
516 953 650 993 ταῦτα
695 953 772 1003 μὲν
810 948 914 1004 πρὸς
957 950 1007 1005 τῇ
1037 947 1142 1004 πύλῃ
1182 950 1254 1002 τῆς
1281 947 1560 1000 ἀκροπόλεως,
1596 949 1650 1004 τῇ
1675 961 1723 1001 γε

279 1019 616 1073 προφαινομένῃ·
645 1016 716 1065 οὓς
737 1017 782 1057 δὲ
808 1015 986 1068 συνέσχε
1012 1013 1086 1055 καί
1112 1014 1138 1067 ἦ
1168 1015 1383 1068 ἐνδοτέρω,
1411 1009 1478 1054 ὅτε
1505 1012 1526 1054 ὃ
1554 1011 1726 1067 οἷχρεῖος

279 1083 414 1137 αὐτὴν
452 1084 636 1136 οἷκαίρως
670 1081 877 1135 κατήραξε
931 1078 1158 1135 στρατηγὸς
1209 1081 1546 1135 παρεισφθαρείς
1586 1080 1632 1122 ἐν
1665 1079 1725 1136 τῷ

280 1149 462 1205 φεύγειν,
497 1143 600 1202 ἄλλη
641 1147 854 1202 τραγῳδία
898 1140 1014 1187 οὗτοι
1051 1145 1332 1200 καινότροπος.
1388 1141 1527 1199 ὥσπερ
1555 1143 1634 1200 γὰρ
1662 1143 1720 1198 μή
1822 1200 1826 1204 .

279 1211 520 1267 α’ρκούντων
555 1214 638 1254 τῶν
675 1208 808 1260 ἄλλως
846 1209 1145 1264 πεπτωκότων,
1175 1209 1491 1266 προσεπηύξησε
1519 1211 1564 1252 τὸ
1597 1208 1722 1252 κακὸν
1738 1218 1780 1251 15

279 1281 432 1327 ἐκεῖνος
471 1276 493 1319 ὅ
537 1277 687 1333 μικρός
720 1280 797 1331 μὲν
837 1275 888 1319 τὰ
930 1275 1038 1318 καλὰ
1065 1278 1194 1330 μέγας
1233 1277 1280 1318 δὲ
1310 1274 1386 1330 τὴν
1411 1277 1625 1331 πονηρίαν,
1653 1277 1728 1317 καί

281 1340 369 1386 οἷόν
393 1361 486 1385 τινα
518 1345 724 1397 κορωνίδα
751 1344 823 1384 καί
850 1339 976 1391 αὗτὸς
1002 1344 1057 1398 τῷ
1087 1341 1375 1396 δυστυχήματι
1403 1341 1724 1397 ε’κεφαλαιώσα-

278 1425 352 1464 το,
394 1410 470 1449 οὔκ
506 1407 785 1461 α’νασχόμενος
822 1406 893 1462 μὴ
923 1406 995 1448 καί
1032 1405 1252 1461 αὐτόχειρι
1296 1404 1411 1463 φόνῳ
1443 1405 1724 1461 προσεπιβλᾰ-

281 1486 364 1527 ψαι
414 1472 487 1522 οὕς
533 1476 804 1526 δυσβουλίαις
846 1470 1223 1527 κατεστρατήγησε,
1259 1471 1446 1524 μάλιστα
1484 1473 1554 1526 δ’,
1591 1473 1726 1514 εἰπεῖν

280 1542 474 1595 τάληθές,
505 1545 594 1588 ταῖς
613 1541 670 1588 εἰς
697 1538 837 1593 μάχην
865 1541 936 1579 καί
965 1536 1158 1593 φυλακήν
1186 1539 1486 1592 καθυφέσεσιν,
1518 1537 1573 1587 ὥς
1603 1537 1625 1578 ὅ
1655 1536 1790 1584 iti-‘20'

281 1622 352 1660 γος
381 1607 617 1658 προβαίνων
647 1606 837 1660 ἐκφανῶς
863 1605 1165 1658 διαγράψεται,
1197 1603 1254 1651 ὥς
1283 1599 1348 1656 ἄν,
1381 1599 1508 1658 οἶμαι,
1537 1602 1635 1652 τούς
1653 1619 1727 1645 πο-

282 1671 451 1723 λεμίους
481 1669 580 1724 πρὸς
616 1666 770 1711 ἑαυτοῦ
809 1668 1085 1723 ποιησάμενος
1121 1670 1409 1721 ἐκμειλίξαιτο,
1436 1668 1520 1722 εἴγε
1548 1667 1622 1711 καί
1646 1667 1724 1710 πό-

283 1740 349 1778 λιν
374 1736 578 1789 τοσαύτην
615 1736 773 1790 ἀφῆκεν
803 1733 912 1775 οὖίω
946 1740 1084 1775 πεσεῖν
1120 1737 1192 1775 καί
1219 1735 1358 1789 φόνων
1388 1736 1434 1775 δὲ·
1462 1736 1623 1788 γέγονεν
1649 1735 1727 1776 αὖ·

282 1800 470 1855 τουργός,
511 1800 826 1848 ἐπικαταθύσας
853 1801 926 1842 καί
953 1798 1079 1849 αὐτὸς
1111 1799 1184 1848 οὓς
1212 1802 1486 1856 ἑπεμέτρησεν
1517 1798 1540 1841 ὅ
1568 1797 1726 1857 καιρός.
1773 1858 1777 1862 .

378 1889 434 1923 20.
462 1888 522 1937 ὥς]
552 1886 619 1928 fig?

286 1984 463 2029 prioribus
479 1989 514 2016 et
532 1983 607 2028 ipsa
634 1995 749 2016 rursus
777 1983 868 2016 idem
887 1984 1044 2028 patiente
1065 1985 1199 2029 impetu
1224 1986 1460 2030 sequentium,
1487 1987 1550 2031 qui
1574 1998 1641 2020 nec
1658 1987 1726 2031 ipsi

286 2044 358 2064 non
384 2036 630 2075 premerentur
646 2031 822 2067 similiter,
850 2032 952 2063 turba
978 2033 1204 2064 morientium
1235 2032 1280 2064 ad
1303 2044 1462 2065 acervum
1477 2034 1700 2067 accrescebat
1717 2059 1727 2074 ‚

287 2081 423 2110 cunctis
460 2077 639 2116 confusis,
674 2077 902 2118 hominibus,
930 2078 1050 2122 equis,
1076 2079 1202 2119 mulis,
1234 2080 1353 2119 asinis,
1383 2080 1511 2125 quibus
1538 2081 1725 2125 impositae

288 2130 389 2157 erant
421 2135 473 2156 res
509 2128 628 2156 tautae
663 2124 887 2156 multitudini
915 2126 1146 2157 necessariae.
1197 2131 1305 2170 atque
1341 2137 1484 2158 acervus
1511 2126 1540 2158 is
1581 2127 1629 2160 ita
1664 2139 1727 2160 cu-

287 2170 489 2204 mulabatur
524 2171 621 2203 iuxta
657 2170 748 2202 illud
792 2171 886 2203 urbis
927 2173 1256 2216 propugnaculum,
1291 2177 1330 2204 ut
1361 2184 1473 2217 paene
1507 2173 1725 2219 adaequaret

289 2228 431 2261 aggeres
475 2228 538 2259 pro
578 2217 766 2250 moenibus
809 2223 1027 2258 exstructos,
1071 2230 1158 2263 quos
1198 2224 1234 2252 et
1276 2219 1370 2263 ipsos
1407 2219 1600 2265 aliquando
1641 2221 1723 2254 bel-

288 2265 361 2297 lum
387 2269 499 2308 parat.

383 2314 498 2354 Atque
525 2308 612 2341 haec
638 2309 779 2353 quidem
805 2309 846 2342 ad
877 2316 1013 2354 portam
1042 2311 1129 2343 arcis
1157 2310 1242 2343 foris
1262 2316 1358 2353 gesta
1383 2316 1478 2345 sunt.
1515 2313 1576 2357 qui
1603 2318 1723 2346 autem

289 2359 382 2390 intra
418 2361 533 2395 erant,
567 2366 674 2399 quum
710 2357 802 2387 male
836 2362 936 2402 porta
965 2357 1101 2390 deiecta
1126 2362 1219 2389 esset
1251 2358 1294 2388 ab
1320 2358 1532 2402 imperatore
1557 2370 1726 2403 nequam,

291 2405 353 2448 qui
379 2403 567 2447 irrepserat
593 2403 685 2434 inter
711 2404 838 2445 fugam,
864 2404 968 2435 aliam
997 2415 1122 2436 novam
1158 2403 1311 2447 agebant
1338 2405 1567 2448 tragoediam.
1594 2406 1725 2439 etenim

292 2456 461 2494 tanquam
496 2460 568 2481 non
609 2448 807 2482 sufficerent
824 2475 832 2489 ‚
859 2451 918 2494 qui
945 2450 1171 2490 cecidissent,
1195 2451 1292 2483 auxit
1321 2452 1496 2484 miseriam
1526 2451 1633 2485 homo
1656 2453 1724 2487 iste

291 2498 385 2529 iners
411 2495 454 2528 ad
480 2495 655 2535 virtutem,
684 2495 745 2527 sed
771 2501 933 2528 strenuus
957 2496 999 2528 ad
1016 2498 1224 2541 nequitiam,
1250 2503 1286 2530 et
1304 2499 1403 2542 quasi
1431 2498 1634 2531 coronidem
1661 2499 1729 2532 im-

290 2543 411 2587 posuit
434 2543 653 2582 calamitati,
681 2553 790 2587 quum
816 2542 995 2575 abstinere
1019 2555 1091 2575 non
1116 2549 1258 2588 posset,
1302 2545 1491 2589 quominus
1521 2545 1597 2590 ipse
1621 2556 1727 2578 manu

290 2601 351 2622 sua
375 2588 616 2633 pessumdaret
634 2599 723 2634 quos
752 2588 907 2622 ducebat
930 2590 1103 2633 imperite,
1128 2595 1164 2622 et
1188 2590 1330 2634 quidem
1355 2592 1519 2631 maxime,
1546 2597 1585 2624 ut
1606 2603 1727 2625 verum

292 2635 404 2667 dicam
421 2660 431 2676 ‚
457 2637 584 2680 pugnis
610 2641 646 2668 et
672 2635 885 2668 stationibus
912 2636 1099 2680 perfidiose
1135 2637 1364 2670 instituendis
1381 2664 1390 2676 ‚
1429 2637 1727 2683 quemadmodum

293 2693 407 2714 rerum
443 2682 611 2726 deinceps
657 2682 831 2713 enarratio
869 2683 959 2714 clare
999 2682 1184 2722 ostendet,
1221 2695 1292 2728 quo
1318 2683 1456 2724 hostes,
1483 2685 1634 2730 opinor,
1659 2683 1728 2716 sibi

292 2729 498 2762 conciliaret
534 2728 849 2773 demulceretque‚
885 2729 913 2762 si
950 2735 1082 2763 tantam
1123 2730 1245 2763 urbem
1278 2731 1329 2764 ita
1353 2736 1486 2765 temere
1511 2730 1728 2776 prodidisset
