1838 3132
257 141 349 192 124
635 132 862 205 [morus
904 130 1282 203 GRAMMA'uci]

249 253 422 303 ραγεῖσα
444 250 572 302 μέσον
620 249 828 304 κατεπόθη
863 245 968 301 μετὰ
1012 249 1093 290 τῶν
1123 246 1365 302 οἰκητόρων·
1421 245 1493 290 καί
1517 246 1690 301 ἔκραζον

246 313 325 355 ὑπὸ
352 313 423 369 τὴν
449 317 524 370 γῆν
552 311 667 363 ὄντες
689 313 728 358 οἱ,
754 310 974 369 ἄνθρωποι
1002 313 1049 355 τὸ
1080 314 1342 368 *ιέλεήσατεῇ
1417 312 1490 355 καί
1515 312 1615 368 γυνὴ
1643 315 1691 356 δὲ

247 397 308 430 τις
337 381 408 423 ἐπὶ
435 381 567 422 αὐτοῦ
595 379 783 436 α’νεφάνη
813 381 858 422 ἐκ
879 380 1073 429 Κιλικίας
1103 374 1208 421 οὖσα
1238 378 1536 434 γιγαντογενής,
1564 378 1691 431 ὑπερ-

245 449 402 500 έχουσα
445 447 492 503 τῇ
527 446 664 503 ἡλικίᾳ
709 448 844 488 πάντα
872 442 1095 501 ἄνθρωπον
1122 448 1260 500 πῆχυν
1288 445 1385 498 ἕνα,
1416 447 1488 486 καί
1514 449 1690 486 πλατεῖα

243 513 426 568 σφόδρα.
486 511 542 561 ὥς
570 513 642 553 ἑπί
666 511 882 564 θαύματος
912 514 958 553 δὲ
986 510 1024 553 οἱ
1061 511 1255 564 α’δόμενοι
1284 510 1457 566 ὁρῶντες
1488 510 1621 564 αὐτὴν
1647 512 1725 552 ἑν5

241 583 327 628 τοῖς
353 580 640 633 ἐργαστηρίοις
665 579 737 620 καί
762 578 889 627 οἴκοις
918 580 1055 620 ἐδίδον
1081 577 1190 633 αὐτῇ
1221 576 1300 619 α’νοὶ
1337 576 1504 630 ὀβολοῦ.

345 644 392 686 Ὁ
423 645 469 686 δὲ
498 642 625 693 αὐτὸς
652 645 853 698 βασιλεὺς
881 643 1012 686 πολλὰ
1040 645 1402 699 ἐφιλοφρονήσατο
1430 644 1479 698 τῇ
1499 658 1543 683 τε
1572 641 1692 683 πόλει

238 710 476 767 Ἀντιοχείᾳ
504 708 606 765 πρὸς
639 708 940 765 ἄνοικοδομήν,
972 712 1044 751 καί
1069 707 1167 757 τούς
1194 711 1238 750 ὲν
1266 709 1373 765 αὐτῇ
1404 710 1560 758 ζῶντας
1586 707 1695 748 vino-

242 777 491 829 λειφθέντας
510 792 520 803 ·
595 778 793 818 τοσοῦτον
831 777 877 817 δὲ
906 777 970 817 ἐπ’
1001 775 1110 832 αὐτῇ
1136 770 1311 830 ἤλγησεν
1340 774 1396 824 ὥς
1425 774 1498 815 καί
1527 775 1571 816 τὸ
1601 774 1694 814 διά-

244 842 356 894 δημα
402 840 624 883 ἀποθεῖναι
671 842 742 883 καί
767 841 843 896 την
876 839 1101 898 πορφύραν
1122 875 1132 894 ,
1162 841 1233 882 καί
1259 840 1410 882 σάκκον
1438 839 1508 882 καί
1536 839 1693 882 σποδὸν
1708 843 1750 876 10
1795 842 1797 845 ’

243 909 569 960 περιβαλέσθαι,
597 906 671 949 καί
706 910 872 949 πενθεῖν
906 906 985 949 ’ἑπί
1019 906 1172 954 πολλὰς
1212 903 1387 960 ἡμέρας.
1459 904 1694 960 ἐτελεύτησε

243 973 289 1014 δὲ
320 973 558 1015 καταλιπών
581 975 759 1026 βασιλέα
786 972 1078 1017 Ἰουστινιανὸν
1097 972 1169 1014 τὸν
1196 971 1303 1014 ἴδιον
1323 970 1516 1026 α’νεψιόν·
1571 972 1693 1022 ἐτέθη

244 1038 291 1078 δὲ
320 1037 365 1078 τὸ
396 1040 518 1090 σῶμα
553 1034 684 1080 αὐτοῦ
725 1041 770 1082 ἐν
815 1042 866 1096 τῇ
891 1041 999 1097 μονῇ
1034 1041 1109 1091 τῆς
1139 1035 1419 1093 Αὐγούστης,
1449 1039 1493 1079 ἐν
1518 1035 1695 1089 λα’ρνακι

244 1106 445 1162 πρασίνῳ,
471 1104 574 1157 μετὰ
602 1106 648 1147 δὲ
675 1106 749 1160 τῆς
777 1104 973 1159 γυναικὸς
1003 1106 1135 1146 αὐτοῦ
1165 1100 1413 1159 Εὖφημίας·
1491 1105 1535 1145 ἐν
1563 1096 1597 1160 ᾧ
1623 1103 1696 1144 καί

245 1167 290 1210 αἱ
318 1172 468 1211 στολαὶ
493 1170 744 1225 εὑρέθησαν.
817 1170 890 1212 τὸν
922 1171 968 1212 δὲ
998 1172 1072 1225 τῆς
1101 1168 1417 1226 ἀρχιερωσύνης
1448 1171 1600 1223 θρόνον
1627 1170 1693 1210 ‹51-
1709 1173 1750 1206 15

243 1239 356 1276 εἶπεν
382 1234 568 1290 Ἰωάννης
599 1235 621 1276 ὁ
649 1238 869 1290 λεγόμενος
898 1233 1202 1290 Καππαδόκης.

351 1299 573 1350 Ἰουστῖνος
617 1303 896 1344 α’νεκαλὲσατο
934 1302 1089 1350 πάντας
1128 1299 1254 1355 ἱερεῖς
1291 1303 1365 1344 καί
1390 1297 1547 1355 ἄνδρας
1575 1300 1694 1342 niae-

243 1368 331 1418 βεῖς
359 1364 630 1421 ὄρθοδόξους,
662 1365 745 1414 οὓς]
774 1366 1044 1416 Ἀναστάσιος
1073 1365 1227 1415 α’δίκως
1254 1364 1462 1421 ἐξώρισεν.
1519 1368 1589 1407 ἐπὶ
1615 1365 1694 1406 αὖ·

245 1433 320 1473 τοῦ
351 1427 503 1472 'Fama
529 1430 674 1484 πόλις,
721 1434 797 1474 τοῦ
817 1434 997 1488 Σκιρτοῦ
1038 1434 1227 1485 ποταμοῦ
1259 1433 1388 1486 μέσον
1424 1432 1554 1486 αὐτῆς
1582 1432 1695 1485 διερ-

244 1499 424 1550 χομένου
464 1498 536 1538 καί
565 1498 746 1540 πλοῦτον
781 1500 854 1541 καί
886 1500 1034 1554 τέρψιν
1064 1500 1173 1556 αὐτῇ
1209 1500 1524 1553 παρεχομένου,
1553 1501 1750 1552 ulma-20

243 1563 511 1616 μυρήσαντος
543 1562 644 1618 αὕτη
676 1562 756 1606 σὺν
784 1569 870 1613 τοῖς
899 1564 1106 1614 συνοίκοις
1143 1565 1381 1620 ἐποντίσθη.
1435 1562 1538 1616 μετὰ
1571 1566 1616 1605 δὲ
1645 1562 1692 1605 τό

244 1627 494 1670 παύσασθαι
523 1628 573 1671 τοὶ
601 1626 740 1671 ὕδατα
769 1628 878 1680 πλάξ
906 1631 1047 1684 λιθίνη
1085 1630 1214 1685 α’νέθη
1245 1631 1289 1672 ἑν
1317 1632 1370 1686 τῇ
1400 1631 1478 1671 τοῦ
1503 1630 1696 1680 ποταμοῦ

245 1688 381 1751 ὄχθῃ,
420 1692 729 1750 ἱερογλυφικοΐς
769 1693 1013 1749 γράμμασιν
1056 1697 1384 1751 ἐγκεκολαμμὲνη
1415 1697 1694 1751 περιέχουσαν

246 1756 380 1809 οὕτως
399 1758 591 1814 “Σκιρτὸς
617 1762 805 1813 ποταμὸς
821 1760 1035 1816 σκιρτήσει
1053 1759 1158 1803 κατὰ
1180 1759 1438 1815 σκιρτήματα
1465 1761 1695 1809 πολίταις.”

343 1838 401 1872 21.
430 1837 538 1882 αὐτῆς
565 1839 592 1872 C
713 1839 768 1872 22.
796 1838 927 1886 εὑρέθη
954 1839 1135 1873 Cedrenus
1155 1841 1170 1873 I
1193 1852 1229 1886 p.
1254 1839 1323 1874 640
1353 1841 1384 1872 1.

247 1912 356 1954 pente
380 1908 506 1940 misere
531 1907 830 1941 comburerentur.
880 1908 943 1940 sed
970 1909 1074 1942 etiam
1098 1910 1134 1942 in
1153 1909 1266 1952 Mysia
1286 1909 1550 1955 Pompeiopolis
1572 1908 1692 1942 deleta

246 1954 407 1988 concidit
433 1955 469 1987 in
496 1955 649 1998 incolas3
676 1960 712 1988 et
746 1955 944 1988 clamarunt
967 1957 1029 2000 qui
1063 1962 1154 1989 terra
1178 1956 1315 1990 conditi
1343 1961 1445 1990 erant
1468 1955 1691 1989 “miseremi-

246 2002 319 2035 ni.”
367 2001 497 2034 mulier
520 2000 586 2034 sub
611 2013 654 2034 eo
679 2002 817 2034 exstitit
843 2003 980 2044 Cilissa,
1007 2014 1155 2049 corpore
1191 2004 1369 2047 giganteo,
1393 2003 1457 2036 alti
1482 2003 1548 2036 viri
1576 2007 1691 2036 statu-

246 2059 320 2081 ram
347 2047 471 2081 cubito
501 2059 671 2092 superans
697 2053 734 2081 et
755 2047 946 2082 admodum
975 2049 1061 2091 lata,
1087 2051 1138 2084 ita
1163 2055 1202 2083 ut
1221 2049 1478 2083 admirarentur
1500 2050 1561 2095 qui
1586 2049 1691 2082 vide—

244 2094 335 2129 bant
361 2096 398 2128 in
423 2095 570 2128 officinis
595 2101 633 2128 et
656 2094 820 2129 domibus
844 2102 881 2130 et
906 2096 1052 2130 obolum
1078 2099 1111 2130 ei
1137 2097 1291 2142 quisque
1319 2096 1428 2130 daret.

340 2142 413 2174 Rex
437 2141 813 2175 benevolentissimum
843 2154 881 2176 se
918 2144 1097 2188 praestitit
1122 2143 1348 2184 Antiochiae,
1372 2148 1411 2176 ut
1435 2143 1693 2183 restitueretur,

247 2193 284 2222 et
308 2189 372 2229 eis,
400 2188 464 2233 qui
488 2189 559 2222 vivi
585 2189 699 2222 relicti
725 2195 834 2223 erant.
899 2195 1008 2236 atque
1038 2191 1088 2224 ita
1123 2190 1215 2223 hanc
1246 2191 1482 2224 calamitatem
1515 2190 1625 2229 luxit,
1651 2194 1694 2222 ut

246 2234 411 2268 diadema
441 2240 475 2268 et
500 2246 689 2280 purpuram
710 2235 916 2281 deponeret,
943 2249 1082 2270 saccum
1107 2243 1143 2271 et
1166 2238 1318 2270 cinerem
1343 2238 1516 2277 iniiceret,
1541 2237 1692 2270 multos-

247 2294 318 2327 que
349 2281 424 2315 dies
450 2281 600 2315 doleret.
657 2283 812 2317 moriens
846 2295 964 2328 regem
997 2285 1143 2329 reliquit
1176 2285 1410 2318 Iustinianuur
1441 2282 1598 2323 affinem,
1631 2293 1690 2316 se-

246 2330 370 2374 pultus
399 2334 451 2361 est
478 2329 516 2361 in
550 2330 763 2363 monasterio
788 2331 966 2375 Augustae
1004 2332 1044 2364 in
1068 2341 1147 2364 arca
1171 2331 1312 2375 prasina
1337 2331 1434 2363 iuxta
1460 2329 1691 2374 Euphemiam

247 2386 406 2416 uxorem,
434 2374 498 2408 ubi
526 2377 631 2408 etiam
656 2377 770 2409 stolae
788 2377 954 2412 inventae
979 2383 1071 2412 sunt.
1121 2379 1366 2423 episcopatum
1394 2378 1511 2411 tenuit
1527 2379 1690 2416 loannes,

249 2423 311 2467 qui
345 2421 570 2467 Cappadoces
601 2421 796 2456 dicebatur.

340 2469 497 2502 Iustinus
533 2479 654 2502 omnes
692 2470 893 2504 sacerdotes
931 2472 1083 2517 piosque
1130 2470 1346 2504 orthodoxos
1387 2469 1574 2508 revocavit,
1599 2479 1690 2508 quos

250 2515 454 2549 Anastasius
478 2516 610 2549 iniuste
639 2517 867 2560 relegaverat.
927 2518 993 2550 sub
1019 2529 1062 2552 eo
1092 2516 1231 2557 Edessa,
1260 2529 1362 2562 quam
1388 2517 1530 2561 perfluit
1554 2515 1690 2548 Scit-tus

251 2560 378 2594 ssuvius
405 2562 545 2596 divitias
575 2569 610 2596 et
637 2562 895 2597 oblectationes
921 2571 1127 2610 suppetans,
1159 2564 1390 2596 inundatione
1416 2564 1507 2596 sacta
1531 2573 1610 2595 cum
1633 2562 1690 2594 in-

252 2608 340 2639 colis
366 2609 544 2641 submersa
586 2615 647 2642 est.
710 2616 894 2655 postquam
939 2623 1030 2656 aqua
1062 2612 1205 2644 recessit
1235 2611 1375 2654 lapidea
1401 2610 1520 2642 tabula
1545 2609 1690 2642 inventa

254 2659 307 2685 est
334 2656 369 2686 iu
394 2655 490 2688 ssuvii
517 2657 590 2700 ripa
625 2659 679 2689 cui
708 2657 979 2701 hieroglyphicis
1014 2660 1124 2691 literis
1149 2657 1236 2691 haec
1261 2658 1430 2703 iuscripta
1455 2662 1572 2691 eraut:
1598 2655 1690 2688 Scir-

254 2706 308 2734 tus
337 2701 464 2736 fluvius
490 2704 598 2736 malas
625 2705 831 2738 saltationes
856 2704 989 2738 civibus
1016 2705 1191 2739 saltabit.’¹
