1838 3132
675 155 1182 201 CHRONOGRAPfflA.
1595 158 1662 205 83

184 258 258 304 διὰ
287 256 334 302 τὸ
366 256 425 314 μὴ
460 257 719 313 διαφθεῖραι
745 255 825 312 τὴν
863 258 1147 315 σωφροσύνην
1172 257 1331 316 ἑαυτὴν
1351 260 1431 303 σύν
1458 266 1549 313 ταῖς
1577 266 1664 306 θυ-

183 327 393 382 γατράσιν
435 322 590 380 ἔρριψε
626 322 733 366 κατὰ
774 325 852 366 τοῦ
893 328 1116 377 ποταμοῦ·
1173 328 1276 381 περὶ
1311 319 1371 369 ῶν
1400 330 1599 383 ζητητέον
1627 332 1669 372 εἰ

185 393 475 450 ἀριθμοῦνται
504 392 566 440 εἰς
592 389 839 445 μαρτύρας.
874 388 1106 441 Θεότεκνός
1134 408 1199 442 τις
1228 391 1326 449 γόης
1343 391 1539 452 ὖποθὴκῃ
1557 397 1666 438 Μα-

184 461 384 513 ξιμιανοῦ
414 458 468 500 τὰ
511 458 584 499 ἐπὶ
608 457 819 511 ’Χριστοῦ
867 458 1000 510 δῆθεν
1039 458 1158 513 παρὰ
1188 460 1389 502 Πιλάτου
1418 464 1668 516 πραχθέντα

150 524 484 578 δηλασάμενος,
529 522 816 577 ὑπομνήματα
864 521 1004 578 πάσης
1033 527 1311 582 βλασφημίας
1340 526 1531 570 οἷνάπλεα
1559 529 1666 570 κατὰ

185 592 309 634 πόλιν
347 593 422 633 καί
462 590 609 645 κώμην
655 587 853 646 ἕσταλκε,
893 592 1178 644 Μαξιμιανοῦ
1218 592 1536 647 προστάξαντος
1582 599 1670 644 τοῖς

184 655 693 714 γραμματοδιδασκάλοις
721 658 859 699 ταῦτα
887 657 990 707 τοὺς
1017 660 1177 708 παῖδας
1206 657 1490 716 ἐκδιδάσκειν,
1525 660 1584 723 ῶς
1616 659 1670 704 ἄν

185 727 414 782 διαγελῷτο
444 723 492 766 τὸ
521 726 618 766 καθ’
647 721 762 779 ἡμᾶς
790 722 1038 780 μυστήριον.

255 849 532 887 Κωνστα’ντιος
561 846 582 883 ὃ
609 845 736 894 πατὴρ
761 847 828 883 τοῦ
853 849 1022 895 μεγάλου
1050 852 1350 887 Κωνσταντίνου
1377 850 1397 887 ὃ
1422 852 1594 900 Χλωρός.

1628 945 1650 961 [Α

130 954 173 988 10
301 945 600 993 Κωνστοίντιος
622 943 898 998 ἐβασίλευσεν
928 942 999 999 ἔτη
1032 943 1122 1000 δύο,
1140 947 1316 1000 Καῖσαρ
1347 948 1395 989 δὲ
1425 946 1499 1004 ἔτη
1516 949 1594 1003 ιγ’·
1625 966 1672 1000 ος

184 1013 230 1065 ἐξ
245 1010 413 1067 Ἑλένης
440 1011 635 1066 ἐγέννησε
653 1012 981 1053 Κωνσταντῖνον
1006 1014 1108 1065 περί
1134 1011 1212 1068 τὴν
1242 1015 1317 1068 τῆς
1336 1016 1502 1064 Δακιάς
1530 1015 1670 1057 πόλιν.

184 1080 428 1128 Μαξέντιος
462 1078 509 1119 δὲ
549 1076 622 1119 καὶ
648 1078 895 1130 Μαξιμῖνος
926 1077 1208 1132 α’ναιροῦνται
1237 1078 1319 1120 ὑπὸ
1353 1084 1567 1137 Λικινιόυ,
1599 1082 1675 1124 καί

182 1143 222 1188 οἶ
249 1147 426 1200 Πέρσαι
472 1142 558 1186 οἷπὸ
586 1146 898 1199 Λιοκλητιανοῦ
941 1145 1016 1186 καί
1040 1146 1281 1198 Γαλλερίου
1316 1147 1535 1202 εἶρήνευον
1562 1148 1669 1201 μετὰ

175 1208 403 1265 Ῥωμαιων
421 1246 432 1267 ,
465 1210 770 1253 ἀπολυθεισῶν
801 1209 951 1260 αὐτοῖς
979 1209 1052 1252 καί
1087 1212 1172 1253 τῶν
1200 1214 1434 1265 βασιλικῶν
1460 1216 1675 1267 γυναικῶν

126 1285 170 1320 15
183 1278 258 1320 καί
283 1279 463 1320 παίδων.
537 1275 843 1326 Κωνστάντιος
885 1275 1064 1332 εὐσεβὴς
1097 1273 1175 1332 ἢν,
1208 1279 1281 1319 καί
1317 1278 1389 1320 τὸν
1419 1278 1517 1322 υἱὸν
1547 1283 1673 1323 Κων-

180 1349 399 1387 σταντῖνον
428 1343 586 1398 ὁμοίως
613 1344 914 1395 ἑξεπαίδευσε,
944 1345 1018 1384 καί
1045 1345 1105 1400 τῷ
1128 1345 1226 1386 καθ’
1255 1344 1368 1398 ἡμᾶς
1397 1346 1570 1404 διωγμῷ
1599 1348 1672 1388 ου’,

180 1413 332 1465 δαμῶς
357 1411 660 1464 ἐκοινώνησεν,
701 1408 812 1451 ἄλλοὶ
854 1409 929 1451 καί
950 1411 1052 1458 τούς
1093 1410 1166 1450 ὑπ’
1198 1410 1332 1452 αὐτὸν
1360 1414 1672 1465 χριστιανίζειν

180 1477 320 1528 α’δεῶς
358 1479 432 1519 καί
472 1474 704 1525 ἀκωλύτως
737 1478 963 1530 ἐπέτρεπε,
992 1478 1318 1519 Κωνσταντῖνον
1358 1476 1566 1531 σεβαστὸν
1596 1482 1672 1522 καί

177 1545 358 1598 βασιλέα
396 1545 442 1586 ἐν
487 1542 631 1600 Ῥώμῃ
683 1543 924 1594 α’ναδεΐξας.
999 1545 1245 1596 Μαξιμῖνος
1294 1545 1339 1584 ἐν
1385 1547 1439 1602 τῇ
1477 1544 1670 1604 ἀνατολῇ

117 1619 167 1655 20
179 1609 314 1654 πολλοὶ
349 1608 481 1652 δεινοὶ’
496 1610 602 1652 κατὰ
635 1611 913 1662 Χριστιανῶν
943 1610 1198 1666 εἰργάσατο·
1231 1609 1439 1661 ῶσαύτως
1467 1614 1542 1653 καί
1559 1614 1666 1655 Μα-

167 1681 337 1730 γξέντιος
371 1678 417 1720 ἐν
447 1674 604 1734 Ῥώμῃ.
664 1678 991 1726 Κωνσταντῖνος
1030 1672 1108 1718 οὖν
1150 1675 1173 1718 ὅ
1212 1679 1329 1727 θεῖος
1367 1680 1428 1727 εἷς
1468 1678 1543 1733 τὴν
1579 1680 1664 1722 τῶν

275 1801 330 1835 10.
362 1801 415 1850 δὲ]
443 1801 483 1836 δὲ
509 1799 694 1848 γέγονενὲ
712 1800 758 1834 cf.
784 1812 818 1846 p.
842 1798 914 1835 299
941 1800 997 1836 15.
1128 1800 1181 1834 17.
1210 1797 1339 1838 αὐτῶν
1366 1801 1395 1833 C

176 1914 302 1944 rentur
327 1909 500 1954 sugerunt
523 1913 560 1942 et
585 1917 631 1941 ne
654 1908 910 1953 inquinaretur
934 1919 1055 1941 earum
1071 1907 1250 1954 pudicitia
1274 1910 1312 1942 in
1336 1908 1472 1944 flumen
1496 1908 1659 1944 desilue-

175 1961 282 2001 runt3
308 1955 354 1990 de
381 1956 439 1990 his
467 1955 657 2001 quaeritur
683 1965 769 1988 num
794 1955 1016 2000 martyribus
1044 1956 1118 1990 sint
1143 1955 1447 1990 adnumerandae.
1492 1955 1658 1992 Theote-

174 2015 261 2039 cnos
288 2002 436 2051 quidam
467 2015 579 2049 quum
616 2002 870 2036 Maximiniani
903 2003 1052 2037 hortatu
1091 2014 1132 2036 ea
1170 2014 1264 2049 quae
1295 2003 1458 2038 Christus
1494 2015 1514 2037 a
1538 2004 1654 2039 Pilato

173 2063 302 2098 passus
335 2057 412 2085 erat
447 2051 624 2091 finxisset,
651 2051 816 2095 exempla
842 2050 943 2084 omni
976 2051 1166 2096 impietate
1200 2051 1333 2085 referta
1362 2063 1428 2097 per
1453 2051 1562 2085 urbes
1585 2063 1653 2098 pa·

172 2109 312 2146 gosque
336 2099 543 2139 collocavit,
570 2098 679 2131 iussis
706 2109 727 2130 a
755 2097 1020 2132 Maximiniauo
1045 2099 1224 2144 magistris
1248 2097 1338 2132 haec
1363 2110 1496 2145 pueros
1523 2099 1654 2133 docere

173 2151 217 2182 ut
242 2146 424 2181 rideretur
450 2146 659 2190 mysterium
685 2150 862 2178 nostrum.

685 2256 935 2292 Cous-munus
965 2255 1146 2292 Cnnouus.

268 2353 500 2389 Constantius
537 2353 630 2388 duos
658 2365 773 2388 annos
794 2355 976 2399 regnavit,
1003 2354 1136 2388 Caesar
1162 2354 1233 2388 fuit
1257 2363 1374 2387 annos
1401 2353 1454 2387 13.
1504 2364 1549 2388 ex
1575 2354 1651 2388 He-

173 2400 258 2435 lena
281 2403 486 2447 procreavit
513 2402 796 2438 Constantinum
823 2403 916 2436 circa
935 2403 1067 2436 Daciae
1095 2401 1232 2435 urbem.
1283 2402 1492 2434 Maxentius
1518 2406 1555 2435 et
1569 2401 1652 2435 Ma-

169 2448 330 2489 ximinus
365 2460 385 2483 a
411 2450 552 2484 Licinio
588 2449 762 2483 trucidati
790 2455 885 2483 sunt.
937 2448 1066 2483 Persae
1089 2449 1175 2483 inde
1213 2460 1233 2481 a
1260 2448 1487 2482 Diocletiano
1514 2454 1552 2482 et
1574 2449 1650 2482 Ga-

170 2495 266 2530 lerio
299 2507 423 2541 pacem
454 2507 535 2530 cum
566 2497 735 2530 Romanis
762 2496 942 2541 agebant,
969 2495 1118 2530 redditis
1156 2496 1207 2529 eis
1235 2496 1328 2539 regis
1356 2495 1530 2527 uxoribus
1555 2496 1652 2530 libe·

171 2544 306 2590 risque.
356 2543 593 2577 Constantius
626 2544 709 2590 pius
750 2543 822 2578 fuit
847 2549 885 2577 et
923 2544 973 2578 ita
999 2544 1279 2578 Constantinum
1316 2542 1430 2574 fllium
1470 2541 1649 2577 educavit.

167 2590 436 2636 persecutionis
460 2589 747 2624 Christianorum
774 2601 962 2638 nunquam
991 2592 1111 2625 socius
1137 2591 1220 2632 fuit,
1249 2594 1286 2623 et
1310 2589 1373 2635 qui
1399 2588 1470 2622 sibi
1493 2589 1649 2624 subiecti

170 2643 277 2672 erant
302 2638 341 2671 in
371 2636 443 2671 fide
469 2637 674 2672 Christiana
698 2649 775 2672 non
803 2638 1005 2684 impedivit.
1065 2638 1343 2672 Constantinum
1365 2637 1563 2681 Augustum
1591 2648 1652 2671 re-

168 2695 324 2731 gemque
359 2686 494 2718 Romae
530 2684 738 2719 declaravit.
788 2685 1006 2720 Maximinus
1038 2687 1076 2719 in
1116 2685 1265 2718 Oriente
1296 2684 1410 2717 multa
1451 2683 1652 2719 crudeliter

168 2738 296 2767 contra
332 2731 557 2771 Christianos
593 2733 704 2774 fecit,
743 2732 831 2765 item
869 2739 908 2767 ut
946 2736 1077 2767 Romae
1112 2731 1331 2766 Maxentius.
1390 2731 1650 2766 Constantinus
