1838 3132
561 158 1050 202 CHRONOGRAPmA.
1433 158 1523 201 211

89 258 203 312 πρωῒ
223 258 502 314 dyazae‘amgl’
567 260 675 312 μετὰ
711 262 757 303 δὲ
783 262 912 301 ταῦτα
947 259 1108 315 ῥακίοις
1147 259 1331 302 mireum
1357 262 1530 314 περιβα-

90 323 232 373 λόντες
272 325 317 367 τᾶ
359 328 435 368 τοῦ
473 328 691 381 α’λιτηρίσυ
729 329 879 379 σῶμα,
909 329 968 373 εἰς
1001 323 1174 368 οἷκάτιον
1201 323 1450 379 ἐμβαλόντες
1475 324 1529 366 τὰ

90 395 318 446 παμμιάρα
361 393 497 434 αὐτοῦ
533 396 638 447 με’λη
669 390 774 434 κατα
806 391 882 444 τήν
911 383 1167 447 καλουμένην
1196 391 1378 447 Πριότην
1405 393 1533 445 νῆσον

90 459 366 512 ἐκφέρουσιν,
395 457 498 501 ἔνθα
527 457 600 501 καί
626 458 721 508 τοὺς
747 460 903 506 παῖδας
931 459 1223 512 ἀποκείραντες
1249 456 1429 510 μονάσαι
1457 472 1531 498 πε-

57 524 323 578 ὅποιήκασιν.

726 628 886 674 Μιχαήλ.

171 709 350 766 Μιχαὴλ
369 709 390 753 ὃ
414 711 667 766 Ἀμορραῖος
683 712 951 766 ἐβασίλευσεν
965 710 1035 767 ἔτη
1052 709 1086 766 η’
1105 714 1240 765 μῆνας
1258 713 1388 755 ἐννέα·
1407 709 1452 762 ὃς
1467 729 1537 767 μι-
1549 720 1584 754 Ρ.
1597 718 1666 754 448

88 775 186 832 κρόν
203 792 246 819 τι
271 778 344 832 τῆς
364 776 702 836 προκατεχούσης
726 781 872 827 κακιάς
901 777 1121 830 ὑπενὸυιῖς,
1151 775 1248 819 ὅσον
1272 777 1371 827 τούς
1391 781 1435 820 ἐν
1450 778 1539 832 εἱρ-

86 848 202 892 κταῖς
218 841 291 884 καί
306 849 467 892 ποιναῖς
485 846 745 896 καίὲξοριάις
761 844 1003 898 ἐλευθερίαν
1020 859 1061 886 τε
1082 846 1154 884 καί
1175 841 1323 886 ἄνεσιν
1336 841 1539 901 ὄνειρώδη

34 906 402 964 ΙΟφαντάζεσθαι,
435 908 481 951 τό
527 912 600 952 τοῦ
641 914 986 964 προηγησαμένου
1029 911 1258 963 δυσσεβοῦς
1296 909 1538 952 ὖπέθαλπεν

87 977 311 1028 θεοστυγὲς
345 975 566 1030 φρόνημα·
627 974 782 1027 ὁμοίως
807 974 888 1029 γὰρ
911 979 970 1032 τῷ
999 977 1112 1030 αὐτῷ
1143 978 1371 1031 περιεπάρη
1401 979 1538 1030 δεινῆς

89 1039 290 1094 αἱρέσεως
329 1042 532 1099 α’γκίστρῳ
571 1043 614 1090 ἐξ
647 1041 881 1096 ἀκροτάτης
923 1043 1092 1095 α’λογίας
1132 1043 1205 1082 καί
1242 1043 1536 1090 α’παιὸουσιας.

87 1103 188 1148 ὅθεν
213 1109 286 1148 ἐπί
313 1110 516 1149 σελὲντιον
543 1105 626 1163 ἔφη
661 1105 727 1149 *ὄοὶ
757 1109 836 1160 μὲν
856 1102 929 1149 οὖν
959 1107 1040 1160 πρὸ
1074 1107 1190 1162 ἡμῶν
1217 1109 1540 1163 ἐρευνησιὲμειόι

87 1171 422 1227 ἐκκλησιαστικὸν
449 1173 609 1226 θεσμὸν
633 1176 712 1217 τῶν
736 1171 950 1227 δογμάτων
978 1173 1047 1216 τὸν
1073 1173 1172 1228 περὶ
1197 1174 1335 1216 αὐτῶν
1362 1175 1577 1228 εἰσπρα-Β

33 1245 74 1279 15
84 1238 318 1294 χθὴσονται
348 1238 490 1294 λόγον,
532 1244 572 1282 ει·
598 1243 734 1289 καλαῖς
761 1236 790 1294 ἢ
815 1242 951 1289 κακῶς
991 1241 1232 1282 ἐθέσπισαν.
1289 1240 1409 1295 ἡμεῖς
1436 1242 1482 1282 ἐν
1506 1234 1543 1298 ᾧ

86 1305 160 1359 τήν
189 1306 410 1359 ἐκκλησίαν
441 1303 618 1360 εὕρομεν
664 1308 937 1359 βαδίζουσαν,
968 1308 1012 1348 ἐν
1040 1305 1172 1362 τούτῳ
1201 1307 1273 1347 καί
1301 1307 1539 1361 διαφυλάτ-

86 1386 170 1412 τειν
196 1373 509 1426 προκρι’νομεν.”
563 1368 616 1427 ἦν
647 1373 694 1414 δὲ
720 1372 834 1429 αὐτῷ
862 1378 961 1420 παῖς
991 1373 1034 1421 ἐξ
1063 1370 1339 1426 Εὖφροσύνης
1365 1369 1540 1424 ὀνόματι

91 1436 310 1492 Θεόφιλος,
340 1435 388 1479 ὃν
429 1440 500 1480 καί
534 1435 708 1491 ἔστεψεν
747 1438 792 1479 ἐν
826 1438 874 1494 τῇ
914 1436 1075 1494 μεγάλῃ
1115 1438 1320 1493 ἐκκλησίᾳ.
1393 1438 1461 1493 ἐφ’
1488 1431 1541 1479 οὗ

90 1504 248 1554 Θωμᾶς
286 1503 308 1543 ὅ
347 1504 552 1559 α’ντάρτης
595 1505 641 1545 ἐκ
679 1504 760 1544 τῶν
783 1503 1062 1545 Ἀνατολικῶν
1097 1504 1236 1556 μερῶν
1262 1502 1429 1557 ἀπάρας
1457 1498 1540 1557 ἤδη

31 1581 76 1616 20
89 1570 162 1609 καί
187 1566 287 1610 λαὸν
314 1567 535 1624 ἀκυρτώὸη
573 1570 647 1610 καί
687 1568 899 1621 ἐπίμικτον
945 1568 1245 1623 ἐπισυρόμενος
1275 1570 1346 1611 ὲπί
1373 1567 1419 1610 τό
1448 1571 1539 1611 Βυ-

89 1633 256 1685 ζάντιον
286 1634 461 1692 ἐκίνησε,
491 1636 565 1690 τῆς
582 1635 801 1689 βασιλείας
828 1637 928 1689 παρ’
956 1633 1076 1685 ἀξίαν
1104 1636 1334 1689 ἐφιέμενος.
1391 1637 1436 1676 ἑκ
1455 1633 1536 1691 γάρ

89 1838 183 1867 ctum
211 1833 410 1875 declarant,
448 1835 538 1868 adeo
566 1840 606 1868 ut
640 1835 676 1867 in
705 1845 747 1867 eo
786 1834 877 1867 illud
904 1834 1031 1879 psalmi
1065 1834 1198 1868 dictum
1224 1834 1435 1878 impleretur
1461 1835 1534 1869 “ad

89 1891 272 1925 vesperam
297 1883 573 1915 commorabitur
599 1882 715 1922 fletus,
742 1886 778 1914 et
805 1881 849 1914 ad
878 1882 1087 1915 matutinum
1121 1881 1291 1914 laetitia-’¹
1342 1887 1421 1926 post
1445 1882 1533 1915 haec

90 1928 244 1961 exitialis
268 1929 366 1962 illins
390 1929 538 1962 cadaver
556 1929 686 1962 vilibus
705 1929 833 1974 pannis
858 1928 1057 1962 involutum
1081 1928 1181 1961 lintri
1206 1929 1424 1973 impositum,
1446 1940 1532 1962 exe-

89 1975 291 2021 crandaque
327 1976 426 2009 illius
464 1976 620 2010 membra
658 1976 704 2008 ad
739 1976 916 2015 insulam,
947 1976 1076 2008 Proten
1104 1975 1245 2015 dictam,
1274 1977 1444 2018 efferunt;
1467 1975 1531 2009 ubi

89 2021 182 2059 filins
204 2024 280 2057 eius
306 2022 497 2058 tondentes
521 2023 756 2057 monasticum
778 2021 942 2056 habitum
964 2023 1143 2069 suscipere
1170 2026 1373 2067 coegerunt.

722 2130 898 2164 Miciuu.

179 2213 334 2248 Michael
361 2217 551 2250 Amoraeus
577 2217 680 2250 annis
706 2221 787 2250 octo
821 2221 858 2249 et
879 2213 1061 2248 mensibus
1089 2225 1215 2248 novem
1240 2213 1440 2259 imperavit.
1469 2212 1528 2245 hie

87 2259 262 2305 tantisper
286 2264 468 2297 remittens
495 2264 721 2297 vexationem
747 2274 840 2309 quae
864 2262 930 2295 sub
957 2261 1141 2295 decessore
1168 2261 1384 2300 obtinuerat,
1409 2270 1525 2305 quan-

87 2311 163 2340 tum
188 2308 324 2343 scilicet
349 2316 403 2344 sat
426 2317 513 2351 erat,
538 2317 578 2344 ut
600 2311 661 2357 qui
685 2311 724 2344 in
741 2310 927 2354 ergastulis
942 2309 1068 2354 poenis
1094 2314 1132 2342 et
1155 2309 1262 2342 exilio
1289 2313 1390 2341 erant
1413 2306 1527 2339 liber-

86 2359 197 2387 tatem
225 2356 550 2404 relaxationemque
592 2358 709 2391 fictam
734 2357 964 2394 somniarent,
996 2356 1097 2402 impii
1124 2355 1357 2400 praecessoris
1386 2354 1439 2386 sui
1465 2354 1526 2385 in-

89 2401 214 2434 festam
231 2401 298 2435 deo
320 2403 464 2437 fovebat
487 2411 659 2447 mentem3
686 2405 762 2450 pari
780 2415 935 2449 namque
952 2404 1064 2447 gravis
1087 2402 1274 2435 haereseos
1293 2400 1524 2435 detinebatur

87 2459 193 2489 unco,
209 2459 251 2481 ex
265 2450 374 2483 animi
397 2452 608 2496 stupiditate
629 2458 665 2485 et
682 2452 892 2496 ignorantia.
920 2450 1014 2483 unde
1028 2450 1184 2490 silentio,
1202 2449 1241 2482 id
1259 2455 1314 2482 est
1331 2451 1522 2487 conventu,

88 2493 210 2528 habito
236 2497 321 2540 “qni
347 2503 428 2530 ante
444 2500 530 2531 nos'’
552 2500 672 2544 inquit
696 2498 1042 2531 “ecclesiasticorum
1061 2497 1264 2541 dogmatum
1283 2497 1378 2540 leges
1397 2499 1433 2526 et
1447 2499 1522 2526 sta-

88 2547 164 2574 tuta
190 2545 399 2587 perscrutati
422 2551 516 2585 sunt,
539 2545 584 2579 de
609 2547 651 2579 iis
670 2545 982 2585 examinabuntur,
1006 2545 1079 2578 sive
1095 2545 1132 2578 in
1150 2544 1282 2577 bonum
1299 2544 1371 2576 sive
1389 2542 1426 2574 in
1442 2551 1520 2573 ma-

86 2588 171 2621 lum.
220 2600 284 2622 nos
323 2591 360 2623 in
387 2602 459 2636 quo
494 2593 678 2626 ecclesiam
711 2592 965 2639 procedentem
994 2592 1206 2631 invenimus,
1234 2591 1271 2623 in
1297 2589 1365 2622 hoe
1390 2592 1427 2620 et
1451 2587 1520 2620 ob-

86 2635 292 2669 servandam
321 2637 575 2672 decernimus.'’
623 2645 699 2673 erat
720 2650 827 2685 porro
852 2638 906 2671 illi
932 2639 1026 2672 filius
1050 2649 1094 2672 ex
1119 2637 1350 2682 Euphrosyna
1372 2634 1519 2667 nomine

86 2680 329 2726 TheOPhUUS,
369 2696 472 2725 quem
497 2686 533 2718 in
562 2698 685 2730 magna
717 2686 866 2720 ecclesia
896 2686 1036 2731 imperii
1065 2696 1193 2718 corona
1217 2682 1405 2716 redimivit.
1453 2680 1518 2714 ad-

85 2739 204 2762 versus
232 2741 338 2776 quem
364 2732 518 2765 Thomas
543 2733 687 2778 quidam
718 2733 862 2767 rebellis
886 2743 929 2767 ex
952 2732 1108 2766 Orientis
1135 2731 1294 2777 partibus
1320 2741 1414 2763 arma
1438 2740 1516 2762 sus·
