1838 3132
309 121 381 161 DE
417 118 816 163 THESSALONICA
842 119 878 162 A
916 120 1123 165 LATINIS
1150 122 1339 167 CAPTA.
1433 116 1530 175 499

98 208 173 264 τήν
200 211 473 264 κληρονομίαν
500 214 615 265 σου,”
644 211 844 264 ἔφέπεται
874 210 921 251 δὲ
949 209 992 252 τὸ
1021 213 1220 264 ((ἐμιάναν
1246 205 1320 255 τόν
1333 212 1433 254 ναόν
1460 211 1532 255 τὸν

99 261 220 319 ἅγιόν
247 279 350 318 σου,
397 262 539 307 ἔθεντο
578 263 628 306 τὰ
666 268 899 319 θνησιμαῖα
940 268 1024 308 τῶν
1063 268 1222 310 δούλων
1257 270 1358 310 σου”
1389 271 1462 309 καί
1486 267 1529 309 τὸ

98 327 208 386 ἑξῆς,
233 329 362 383 μόνον
392 332 444 371 ου’
466 332 813 388 χρησμῳδοῦντος
840 332 914 371 τοῦ
940 331 1152 388 προφήτου
1182 333 1256 375 καί
1280 332 1532 387 θεοπάτορος

97 396 156 436 δι’
186 396 442 452 ὖποφητειάς
466 398 548 438 τῶν
577 397 867 451 ἠθροισμένων
894 398 1131 453 εἰς’δέησιν,
1159 402 1231 442 καί
1257 401 1440 454 λέγοντος
1468 401 1537 441 “u'

63 457 151 504 δᾶν
179 458 241 505 ἔτι
282 463 480 514 ‹renam-‘ha
522 463 753 515 πρεσβειῶν
794 462 852 510 εἰς
893 460 1018 514 θεόν,
1046 462 1148 506 ἔνθα
1186 457 1326 523 ἐκὲίνῳ
1353 464 1403 507 τοὶ
1435 467 1531 507 καθ’

95 526 215 581 ἡμῶν
242 526 585 581 ἀποπέφανται,·”

141 632 144 636 .
202 588 331 646 Εἶχεν
357 589 466 634 οὕτω
497 593 647 645 ταῦτα,
677 594 864 635 πλείοσιν
878 591 1032 650 ἑτέροις
1062 596 1401 649 παρασπιζόμενα
1427 613 1529 652 συγ..

94 657 324 712 κροτήμασι
364 659 435 712 τῆς
474 660 550 702 τοῦ
594 661 720 699 κακοῦ
748 657 976 713 δηλώσεως.
1047 662 1120 702 καί
1143 662 1280 703 τοίνυν
1306 663 1362 719 τῷ
1390 665 1533 719 συχνῷ

53 748 55 750 -
93 721 253 764 τούτων
289 719 467 773 ἅπαντες
492 723 830 779 α’νεφρονοῦμεν,
871 720 1027 779 ὄψιμον
1069 724 1309 780 συνάγοντες
1335 729 1434 774 νοῦν
1462 730 1533 770 καὶ

39 797 82 832 10
94 787 150 842 τὰ
171 789 312 845 πρῴην
354 789 514 844 θράσος
553 788 876 843 α’ποποιούμενοι
919 791 990 846 (οὐ
1018 793 1098 847 γάρ
1130 789 1180 833 ἂν
1211 795 1341 834 ἐκεῖνο
1370 792 1531 847 θάρσος

1143 859 1154 872 ³
1191 859 1198 872 Ι
1234 863 1241 874 9
1294 857 1306 871 t

91 852 250 906 εἴποιμι
295 854 470 908 ἑλλόγως
498 854 712 912 εἴχομεν),
751 856 824 897 καὶ
862 858 1058 909 ἑνοοῦμεν
1102 861 1230 899 ουκεθ
1281 863 1382 911 ημῖν
1420 855 1528 900 εἶναι

91 919 240 975 φυκτὰ.
299 915 448 962 οὔκουν
474 918 667 976 ἔφθησαν
693 925 942 977 καταντῆσαι
971 924 1029 971 εἰς
1055 925 1183 978 πέρας
1204 923 1247 964 αἱ
1276 925 1358 965 τῶν
1384 925 1528 979 ἐκκλη-

89 987 193 1026 σιῶν
233 984 445 1041 δεητήριοι
481 986 702 1040 ἁρμονίαι,
741 990 814 1028 καί
842 987 877 1028 ·ὁ
907 989 1107 1044 πόλεμος,
1136 987 1194 1031 ἔτι
1235 992 1319 1030 τῶν
1347 992 1528 1042 ψαλμῶν

88 1051 340 1104 εἰλουμένων
367 1053 411 1093 ἐν
438 1057 525 1101 τοῖς
555 1055 637 1093 τῶν
663 1054 869 1106 δεομένων
896 1052 1104 1107 στόμασι,
1130 1055 1311 1108 θρήνους
1338 1055 1526 1110 παρὲβυ-

34 1127 76 1162 15
88 1131 148 1171 σε,
173 1117 247 1157 κατ’
272 1117 332 1164 εἰς
356 1114 479 1170 γόους
513 1116 701 1172 οἰκτρούς
731 1119 803 1158 καί
826 1117 1094 1172 ἀλαλαγμοὺς
1120 1120 1259 1161 Αἴδου
1289 1120 1525 1174 οἷντιπεριέ-

86 1197 226 1238 στησε,
254 1184 329 1223 καί
366 1184 425 1230 εἰς
455 1182 595 1237 φυγὴν
623 1181 778 1231 αὐτούς
822 1184 1126 1238 ἀθροισθέντας
1156 1183 1318 1242 ἔπτυρε,
1345 1185 1417 1227 καί
1441 1200 1524 1227 τοι-

87 1249 198 1289 αὕτα
241 1249 403 1290 διέθετο
443 1245 577 1302 ὦνπερ
619 1247 693 1290 ὄΐω
734 1251 1027 1303 μεμνήσεσθαι
1062 1249 1159 1299 τούς
1194 1253 1353 1302 ζῶντας
1381 1250 1424 1292 ἔν
1443 1267 1520 1307 περ

85 1314 275 1370 ὀνείροις,
302 1311 418 1367 εἴπερ
450 1315 500 1354 ου’
527 1312 581 1355 τὰ
609 1312 711 1368 ἡδέα
729 1310 859 1368 μόνον
877 1319 1152 1370 προπίπτουσι
1176 1319 1246 1372 τῆς
1274 1319 1368 1358 καθ’
1397 1314 1522 1370 ὕπνον

85 1382 330 1435 φαντασίας,
360 1381 451 1421 ἄλλ’
480 1380 603 1422 οὐδὲν
628 1375 755 1435 ἧττον
782 1379 855 1421 καί
889 1380 941 1422 τὰ
972 1380 1105 1436 φόβον
1133 1381 1412 1435 ἐνδειξάμενα.

26 1455 73 1490 20
196 1446 289 1487 Καὶ
313 1441 445 1494 οὕτως
484 1447 528 1497 ἐξ
554 1448 665 1495 ἰδίας
694 1445 876 1502 ἔχθρας,
915 1449 987 1502 τῆς
1014 1463 1057 1488 τε
1100 1446 1205 1490 κατὰ
1232 1447 1317 1503 ,τὸν
1344 1448 1521 1502 βασιλέα

83 1512 343 1567 Ἀνδρόνικον
373 1513 443 1554 καὶ
471 1515 546 1567 τῆς
570 1513 675 1555 κατὰ
705 1511 778 1554 τὸν
799 1513 930 1554 δοῦκα
957 1514 1110 1569 Δαυΐὸ,
1139 1513 1272 1556 κοινὸν
1293 1513 1415 1555 κακὸν
1442 1531 1519 1555 κα·-

81 1578 286 1633 τὲσκηψεν
326 1576 536 1625 ἀνάπαλιν
570 1581 626 1636 τῷ
664 1581 1052 1636 γνωματευσαμένῳ
1095 1582 1227 1623 πολλᾶ
1266 1582 1348 1622 τῶν
1375 1583 1520 1623 κοινῶν

81 1739 217 1772 orditur
239 1738 372 1778 “deus‚
396 1744 570 1772 venerunt
594 1744 714 1783 gentes
748 1740 783 1772 in
812 1739 1047 1772 hereditatem
1075 1741 1206 1781 tuam‚'’
1246 1740 1375 1774 deinde
1401 1743 1517 1786 pergit

79 1786 380 1830 “inquinaverunt
414 1797 548 1818 sacrum
600 1787 771 1831 templum
816 1791 935 1827 tunm,
973 1792 1121 1830 stragem
1149 1788 1310 1820 fecerunt
1335 1799 1515 1821 servorum

81 1834 242 1866 tuorum”
270 1837 307 1865 et
334 1843 423 1876 quae
448 1837 658 1878 sequuntur,
682 1829 855 1877 propheta
882 1838 918 1865 et
940 1838 1038 1876 patre
1056 1833 1112 1865 dei
1138 1844 1198 1866 ore
1222 1845 1355 1875 eorum,
1382 1836 1443 1880 qui
1470 1835 1515 1867 ad

79 1890 200 1925 preces
228 1878 407 1911 faciendas
431 1880 632 1924 cougregati
662 1885 772 1918 erant,
800 1883 936 1911 tantum
967 1891 1038 1911 non
1063 1880 1293 1921 vaticinante,
1320 1886 1355 1914 et
1381 1883 1428 1914 ita
1455 1881 1514 1914 di·-

79 1932 180 1959 cente
207 1925 321 1971 “quid
346 1926 548 1959 etiamnunc
569 1937 692 1971 preces
721 1926 886 1959 faciamus
912 1925 992 1966 deo,
1021 1937 1130 1971 quum
1158 1927 1222 1959 ille
1246 1927 1290 1960 ‹le
1316 1927 1421 1961 rebus
1444 1939 1513 1962 no-

79 1974 159 2007 stris
183 1972 425 2006 ‹lecreverit?’'

170 2020 267 2053 llaec
290 2020 397 2064 igitur
423 2021 473 2053 ita
496 2030 533 2052 se
560 2019 776 2060 habuerunt,
799 2019 920 2052 multis
946 2019 1024 2051 aliis
1052 2020 1179 2064 stipata
1206 2019 1347 2053 indiciis
1374 2021 1513 2053 instan-

78 2066 122 2099 tis
146 2067 328 2112 perniciei.
378 2067 508 2112 quibus
533 2066 698 2100 omnibus
725 2066 842 2099 cuncti
869 2066 1014 2099 tandem
1039 2067 1258 2110 resipuimus,
1282 2078 1360 2100 sero
1387 2067 1432 2099 ad
1456 2079 1512 2100 sa·

78 2124 159 2146 nam
183 2119 335 2146 mentem
356 2114 555 2154 redeuntes,
580 2114 836 2158 pristinamque
862 2112 1072 2146 abiicientes
1096 2113 1350 2147 confidentiam
1377 2114 1510 2159 (neque

79 2161 172 2192 enim
198 2159 359 2193 fiduciam
397 2161 495 2194 illam
536 2160 725 2207 dixerim),
761 2159 913 2193 modesti
951 2170 1026 2192 esse
1053 2161 1244 2205 coepimus,
1270 2166 1307 2194 et
1329 2162 1510 2194 intellexi-

77 2218 164 2246 mus,
189 2219 262 2239 non
290 2208 358 2240 iam
382 2219 447 2241 nos
474 2210 626 2252 effugere
650 2218 753 2253 posse
777 2206 1028 2239 calamitatem.
1078 2207 1201 2252 itaque
1217 2207 1260 2240 ad
1287 2207 1391 2240 finem
1415 2219 1509 2240 non·

78 2253 162 2286 dum
187 2253 379 2298 perductae
405 2261 505 2288 erant
532 2256 570 2288 in
598 2254 755 2288 ecclesiis
790 2254 990 2287 cantilenae
1026 2254 1214 2298 supplices,
1239 2265 1347 2298 quum
1373 2254 1509 2286 bellum

78 2301 235 2345 psalmis,
261 2302 321 2346 qui
345 2300 460 2334 adhuc
482 2302 517 2334 in
543 2301 664 2334 oribus
691 2301 910 2346 precantium
927 2301 1128 2341 volvuntur,
1154 2302 1299 2333 naenias
1324 2301 1507 2341 immiscet,

78 2358 210 2392 eosque
234 2348 271 2380 in
296 2348 567 2382 lamentationes
593 2348 809 2382 miserabiles
826 2352 862 2380 et
878 2346 1089 2381 eiulationes
1115 2348 1251 2390 Stygias
1275 2348 1392 2387 vertit,
1419 2358 1508 2379 con-

76 2395 179 2426 cione
205 2394 240 2426 in
266 2395 382 2438 sugam
408 2396 598 2439 compulsa,
625 2401 661 2428 et
687 2397 735 2428 ita
765 2397 901 2434 affecta,
925 2398 963 2426 ut
987 2394 1128 2426 illarum
1155 2405 1269 2426 rerum
1296 2394 1358 2439 qui
1382 2394 1508 2427 vivunt

77 2440 295 2474 recordaturi
324 2442 395 2474 sint
418 2442 524 2474 etiam
548 2442 584 2475 in
608 2443 752 2475 somniis
768 2467 776 2482 ‚
803 2439 978 2486 siquidem
1001 2451 1075 2474 non
1099 2441 1217 2474 suavia
1243 2446 1378 2473 tantum
1405 2451 1507 2473 men·

75 2488 103 2519 ti
131 2498 194 2532 per
221 2498 379 2520 somnum
410 2488 555 2521 liberius
588 2489 772 2533 evaganti,
798 2488 860 2521 sed
886 2487 990 2520 etiam
1014 2498 1065 2528 ea,
1091 2498 1183 2532 quae
1207 2493 1376 2520 terrorem
1402 2487 1505 2520 incu-

75 2534 179 2573 tiunt,
206 2534 381 2567 obversari
406 2536 534 2568 solent.

162 2581 214 2613 lta
242 2580 349 2623 igitur
374 2592 416 2614 ex
442 2581 628 2615 inimicitia
656 2582 790 2627 privata
828 2580 1048 2625 imperatoris
1073 2580 1263 2614 Andronici
1293 2584 1329 2612 et
1347 2578 1504 2618 Davidis,

75 2626 172 2659 ducis
198 2629 321 2667 nostri,
350 2629 544 2661 communis
572 2629 753 2662 calamitas
782 2628 957 2661 civitatem
986 2628 1125 2667 invasit,
1151 2633 1272 2660 contra
1300 2626 1396 2658 illius
1422 2636 1504 2658 sen-

73 2674 242 2716 tentiam,
277 2675 341 2721 qui
377 2687 447 2708 rem
480 2675 660 2720 publicam
698 2685 803 2720 saepe
831 2674 1024 2708 inimicitiis
1051 2674 1196 2719 privatis
1237 2673 1374 2706 restitui
1399 2671 1500 2712 dixit,
