<?xml version="1.0" encoding="UTF-8"?>
<!DOCTYPE html PUBLIC "-//W3C//DTD XHTML 1.0 Transitional//EN"
    "http://www.w3.org/TR/xhtml1/DTD/xhtml1-transitional.dtd">
<html xmlns="http://www.w3.org/1999/xhtml" xml:lang="en" lang="en">
 <head>
  <title>
</title>
<meta http-equiv="Content-Type" content="text/html;charset=utf-8" />
  <meta name='ocr-system' content='tesseract 3.04.00' />
  <meta name='ocr-capabilities' content='ocr_page ocr_carea ocr_par ocr_line ocrx_word'/>
</head>
<body>
  <div class='ocr_page' id='page_1' title='image "./corpusscriptorum34niebuoft/corpusscriptorum34niebuoft_0400.png"; bbox 0 0 1838 3132; ppageno 0'>
   <div class='ocr_carea' id='block_1_1' title="bbox 326 153 1195 200">
    <p class='ocr_par' dir='ltr' id='par_1_1' title="bbox 326 153 1195 200">
     <span class='ocr_line' id='line_1_1' title="bbox 326 153 1195 200; baseline -0.008 0"><span class='ocrx_word' id='word_1_1' title='bbox 326 155 420 200; x_wconf 83' lang='lat'>388</span> <span class='ocrx_word' id='word_1_2' title='bbox 867 153 1195 195; x_wconf 81' lang='lat' dir='ltr'><strong>EUSTATfflUs</strong></span> 
     </span>
    </p>
   </div>
   <div class='ocr_carea' id='block_1_2' title="bbox 318 247 1808 1748">
    <p class='ocr_par' dir='ltr' id='par_1_2' title="bbox 318 247 1808 1748">
     <span class='ocr_line' id='line_1_2' title="bbox 323 247 1745 309; baseline -0.007 -9"><span class='ocrx_word' id='word_1_3' title='bbox 323 259 420 300; x_wconf 83' lang='grc' dir='ltr'><strong><em>νοῦν</em></strong></span> <span class='ocrx_word' id='word_1_4' title='bbox 451 255 472 298; x_wconf 83' lang='grc' dir='ltr'>ὁ</span> <span class='ocrx_word' id='word_1_5' title='bbox 496 253 710 309; x_wconf 85' lang='grc' dir='ltr'><strong><em>Κομνηνός</em></strong></span> <span class='ocrx_word' id='word_1_6' title='bbox 735 250 1083 307; x_wconf 80' lang='grc' dir='ltr'><strong><em>Ἀνδρόνικος,’ὂν</em></strong></span> <span class='ocrx_word' id='word_1_7' title='bbox 1109 247 1195 294; x_wconf 73' lang='grc' dir='ltr'><strong><em>ἄνω</em></strong></span> <span class='ocrx_word' id='word_1_8' title='bbox 1224 251 1297 292; x_wconf 78' lang='grc' dir='ltr'>τοῦ</span> <span class='ocrx_word' id='word_1_9' title='bbox 1325 250 1446 303; x_wconf 82' lang='grc' dir='ltr'><em>λόγου</em></span> <span class='ocrx_word' id='word_1_10' title='bbox 1478 251 1745 304; x_wconf 81' lang='grc' dir='ltr'><strong><em>παρερρίψα-</em></strong></span> 
     </span>
     <span class='ocr_line' id='line_1_3' title="bbox 320 310 1746 375; baseline -0.007 -10"><span class='ocrx_word' id='word_1_11' title='bbox 320 338 409 375; x_wconf 81' lang='grc' dir='ltr'><strong><em>μεν.</em></strong></span> <span class='ocrx_word' id='word_1_12' title='bbox 475 320 608 364; x_wconf 81' lang='grc' dir='ltr'><strong><em>ἐδόκει</em></strong></span> <span class='ocrx_word' id='word_1_13' title='bbox 649 321 729 372; x_wconf 75' lang='grc' dir='ltr'>γὰρ</span> <span class='ocrx_word' id='word_1_14' title='bbox 778 316 1005 371; x_wconf 73' lang='grc' dir='ltr'><strong><em>ἀξιόμαχος</em></strong></span> <span class='ocrx_word' id='word_1_15' title='bbox 1040 318 1256 371; x_wconf 78' lang='grc' dir='ltr'><strong><em>ἐπίκουρος</em></strong></span> <span class='ocrx_word' id='word_1_16' title='bbox 1302 315 1648 370; x_wconf 77' lang='grc' dir='ltr'><strong><em>ἀναφανήσεσθαι</em></strong></span> <span class='ocrx_word' id='word_1_17' title='bbox 1693 310 1746 355; x_wconf 73' lang='grc' dir='ltr'><strong><em>ἂν</em></strong></span> 
     </span>
     <span class='ocr_line' id='line_1_4' title="bbox 322 377 1746 442; baseline -0.006 -13"><span class='ocrx_word' id='word_1_18' title='bbox 322 387 427 442; x_wconf 84' lang='grc' dir='ltr'><strong><em>πρὸς</em></strong></span> <span class='ocrx_word' id='word_1_19' title='bbox 454 387 504 429; x_wconf 76' lang='grc' dir='ltr'>τὰ</span> <span class='ocrx_word' id='word_1_20' title='bbox 538 381 794 437; x_wconf 77' lang='grc' dir='ltr'><strong><em>ξυμπεσόντα</em></strong></span> <span class='ocrx_word' id='word_1_21' title='bbox 825 382 897 425; x_wconf 75' lang='grc' dir='ltr'>καὶ</span> <span class='ocrx_word' id='word_1_22' title='bbox 922 383 1184 437; x_wconf 73' lang='grc' dir='ltr'><strong><em>ἀλεξίκακος,</em></strong></span> <span class='ocrx_word' id='word_1_23' title='bbox 1230 382 1309 435; x_wconf 73' lang='grc' dir='ltr'>οὐχ</span> <span class='ocrx_word' id='word_1_24' title='bbox 1337 377 1445 422; x_wconf 72' lang='grc' dir='ltr'><strong><em>αῗστε</em></strong></span> <span class='ocrx_word' id='word_1_25' title='bbox 1480 379 1561 435; x_wconf 74' lang='grc' dir='ltr'><strong><em>μὴν</em></strong></span> <span class='ocrx_word' id='word_1_26' title='bbox 1596 379 1746 422; x_wconf 72' lang='grc' dir='ltr'><strong><em>ἐκεῖνον</em></strong></span> 
     </span>
     <span class='ocr_line' id='line_1_5' title="bbox 323 445 1744 506; baseline -0.006 -12"><span class='ocrx_word' id='word_1_27' title='bbox 323 454 557 506; x_wconf 76' lang='grc' dir='ltr'><strong><em>δράξασθαι</em></strong></span> <span class='ocrx_word' id='word_1_28' title='bbox 596 451 670 491; x_wconf 80' lang='grc' dir='ltr'>καί</span> <span class='ocrx_word' id='word_1_29' title='bbox 695 448 798 504; x_wconf 83' lang='grc' dir='ltr'><strong><em>πρὸς</em></strong></span> <span class='ocrx_word' id='word_1_30' title='bbox 838 446 990 491; x_wconf 74' lang='grc' dir='ltr'><strong><em>ἑαυτοῦ</em></strong></span> <span class='ocrx_word' id='word_1_31' title='bbox 1029 450 1182 490; x_wconf 76' lang='grc' dir='ltr'><strong><em>θέσθαι</em></strong></span> <span class='ocrx_word' id='word_1_32' title='bbox 1211 445 1260 489; x_wconf 74' lang='grc' dir='ltr'>τά</span> <span class='ocrx_word' id='word_1_33' title='bbox 1291 446 1394 501; x_wconf 83' lang='grc' dir='ltr'><em>ζυγὰ</em></span> <span class='ocrx_word' id='word_1_34' title='bbox 1421 449 1492 500; x_wconf 83' lang='grc' dir='ltr'><strong><em>τῆς</em></strong></span> <span class='ocrx_word' id='word_1_35' title='bbox 1517 446 1744 498; x_wconf 71' lang='grc' dir='ltr'><strong><em>βασιλείας,</em></strong></span> 
     </span>
     <span class='ocr_line' id='line_1_6' title="bbox 322 508 1776 570; baseline -0.006 -10"><span class='ocrx_word' id='word_1_36' title='bbox 322 519 411 561; x_wconf 68' lang='grc' dir='ltr'><strong><em>ἀλλ’</em></strong></span> <span class='ocrx_word' id='word_1_37' title='bbox 448 517 503 564; x_wconf 75' lang='grc' dir='ltr'><strong><em>ὥς</em></strong></span> <span class='ocrx_word' id='word_1_38' title='bbox 542 517 614 568; x_wconf 80' lang='grc' dir='ltr'><strong><em>τῆς</em></strong></span> <span class='ocrx_word' id='word_1_39' title='bbox 652 514 828 570; x_wconf 84' lang='grc' dir='ltr'><strong><em>μητρός,</em></strong></span> <span class='ocrx_word' id='word_1_40' title='bbox 858 513 885 569; x_wconf 78' lang='grc' dir='ltr'><em>ἢ</em></span> <span class='ocrx_word' id='word_1_41' title='bbox 914 513 1084 570; x_wconf 80' lang='grc' dir='ltr'><strong><em>φαύλως</em></strong></span> <span class='ocrx_word' id='word_1_42' title='bbox 1119 512 1401 566; x_wconf 73' lang='grc' dir='ltr'><strong><em>ἐπιτροπεύειν</em></strong></span> <span class='ocrx_word' id='word_1_43' title='bbox 1433 509 1579 564; x_wconf 80' lang='grc' dir='ltr'><strong><em>ἐδόκει,</em></strong></span> <span class='ocrx_word' id='word_1_44' title='bbox 1609 508 1668 552; x_wconf 71' lang='grc' dir='ltr'><strong><em>ἔτι</em></strong></span> <span class='ocrx_word' id='word_1_45' title='bbox 1698 512 1776 560; x_wconf 72' lang='grc' dir='ltr'>δὲὸ</span> 
     </span>
     <span class='ocr_line' id='line_1_7' title="bbox 322 575 1746 637; baseline -0.005 -12"><span class='ocrx_word' id='word_1_46' title='bbox 322 586 393 625; x_wconf 83' lang='grc' dir='ltr'><em>καί</em></span> <span class='ocrx_word' id='word_1_47' title='bbox 419 585 490 637; x_wconf 72' lang='grc' dir='ltr'><strong><em>τῆς</em></strong></span> <span class='ocrx_word' id='word_1_48' title='bbox 519 584 590 624; x_wconf 84' lang='grc' dir='ltr'>τοῦ</span> <span class='ocrx_word' id='word_1_49' title='bbox 620 582 962 635; x_wconf 82' lang='grc' dir='ltr'><strong><em>πρωτοσεβαστοῦ</em></strong></span> <span class='ocrx_word' id='word_1_50' title='bbox 1003 577 1173 634; x_wconf 82' lang='grc' dir='ltr'><strong><em>οἰήσεως</em></strong></span> <span class='ocrx_word' id='word_1_51' title='bbox 1199 580 1415 629; x_wconf 77' lang='grc' dir='ltr'><strong><em>ἐξελέσθαι</em></strong></span> <span class='ocrx_word' id='word_1_52' title='bbox 1439 575 1510 619; x_wconf 80' lang='grc' dir='ltr'><strong><em>τὸν</em></strong></span> <span class='ocrx_word' id='word_1_53' title='bbox 1536 591 1746 630; x_wconf 59' lang='lat' dir='ltr'>armanno-.-</span> 
     </span>
     <span class='ocr_line' id='line_1_8' title="bbox 321 639 1747 703; baseline -0.005 -13"><span class='ocrx_word' id='word_1_54' title='bbox 321 645 636 703; x_wconf 76' lang='grc' dir='ltr'><strong><em>γματευὸμενον.</em></strong></span> <span class='ocrx_word' id='word_1_55' title='bbox 705 645 775 688; x_wconf 83' lang='grc' dir='ltr'><strong><em>καί</em></strong></span> <span class='ocrx_word' id='word_1_56' title='bbox 816 642 867 700; x_wconf 76' lang='grc' dir='ltr'><strong><em>ἦν</em></strong></span> <span class='ocrx_word' id='word_1_57' title='bbox 895 650 979 694; x_wconf 85' lang='grc' dir='ltr'><strong><em>τοῖς</em></strong></span> <span class='ocrx_word' id='word_1_58' title='bbox 1007 649 1172 694; x_wconf 84' lang='grc' dir='ltr'><strong><em>πολλοῖς</em></strong></span> <span class='ocrx_word' id='word_1_59' title='bbox 1211 670 1263 677; x_wconf 92' lang='lat'>-—</span> <span class='ocrx_word' id='word_1_60' title='bbox 1292 645 1396 685; x_wconf 81' lang='grc' dir='ltr'><strong><em>ὀκνῶ</em></strong></span> <span class='ocrx_word' id='word_1_61' title='bbox 1429 645 1508 695; x_wconf 81' lang='grc' dir='ltr'><strong><em>μὲν</em></strong></span> <span class='ocrx_word' id='word_1_62' title='bbox 1534 643 1663 684; x_wconf 80' lang='grc' dir='ltr'><strong><em>εἰπεῖν</em></strong></span> <span class='ocrx_word' id='word_1_63' title='bbox 1688 639 1747 691; x_wconf 72' lang='grc' dir='ltr'><strong><em>ὥς</em></strong></span> 
     </span>
     <span class='ocr_line' id='line_1_9' title="bbox 321 706 1746 768; baseline -0.006 -12"><span class='ocrx_word' id='word_1_64' title='bbox 321 713 400 768; x_wconf 90' lang='grc' dir='ltr'><strong><em>πρὸ</em></strong></span> <span class='ocrx_word' id='word_1_65' title='bbox 432 715 501 755; x_wconf 84' lang='grc' dir='ltr'><em>καί</em></span> <span class='ocrx_word' id='word_1_66' title='bbox 537 715 668 755; x_wconf 79' lang='grc' dir='ltr'><strong><em>αὐτοῦ</em></strong></span> <span class='ocrx_word' id='word_1_67' title='bbox 705 713 832 764; x_wconf 78' lang='grc' dir='ltr'><strong><em>θεοῦ,</em></strong></span> <span class='ocrx_word' id='word_1_68' title='bbox 868 713 1019 766; x_wconf 71' lang='grc' dir='ltr'><strong><em>θαρρῶ</em></strong></span> <span class='ocrx_word' id='word_1_69' title='bbox 1055 712 1101 752; x_wconf 83' lang='grc' dir='ltr'>δὲ</span> <span class='ocrx_word' id='word_1_70' title='bbox 1139 711 1450 766; x_wconf 67' lang='grc' dir='ltr'><strong><em>ἀσφαλέστερον</em></strong></span> <span class='ocrx_word' id='word_1_71' title='bbox 1486 707 1648 762; x_wconf 77' lang='grc' dir='ltr'><strong><em>φράσαι</em></strong></span> <span class='ocrx_word' id='word_1_72' title='bbox 1689 706 1746 761; x_wconf 71' lang='grc' dir='ltr'><strong><em>ὥς</em></strong></span> 
     </span>
     <span class='ocr_line' id='line_1_10' title="bbox 318 772 1744 831; baseline -0.004 -10"><span class='ocrx_word' id='word_1_73' title='bbox 318 778 451 828; x_wconf 68' lang='grc' dir='ltr'><strong><em>εὐθὺς</em></strong></span> <span class='ocrx_word' id='word_1_74' title='bbox 494 777 598 831; x_wconf 75' lang='grc' dir='ltr'><strong><em>μετὰ</em></strong></span> <span class='ocrx_word' id='word_1_75' title='bbox 648 776 745 819; x_wconf 77' lang='grc' dir='ltr'><strong><em>θεὸν</em></strong></span> <span class='ocrx_word' id='word_1_76' title='bbox 781 777 833 818; x_wconf 77' lang='grc' dir='ltr'>τοὶ</span> <span class='ocrx_word' id='word_1_77' title='bbox 872 777 947 831; x_wconf 80' lang='grc' dir='ltr'><strong><em>τῆς</em></strong></span> <span class='ocrx_word' id='word_1_78' title='bbox 989 777 1238 829; x_wconf 81' lang='grc' dir='ltr'><strong><em>καραδοκίας</em></strong></span> <span class='ocrx_word' id='word_1_79' title='bbox 1275 776 1348 823; x_wconf 76' lang='grc' dir='ltr'><strong><em>εἰς’</em></strong></span> <span class='ocrx_word' id='word_1_80' title='bbox 1378 773 1450 816; x_wconf 84' lang='grc' dir='ltr'><strong><em>τὸν</em></strong></span> <span class='ocrx_word' id='word_1_81' title='bbox 1471 772 1744 827; x_wconf 80' lang='grc' dir='ltr'><strong><em>Ἀνδρόνικον.</em></strong></span> 
     </span>
     <span class='ocr_line' id='line_1_11' title="bbox 321 837 1801 898; baseline -0.005 -12"><span class='ocrx_word' id='word_1_82' title='bbox 321 843 419 887; x_wconf 72' lang='grc' dir='ltr'><strong><em>ὅθεν</em></strong></span> <span class='ocrx_word' id='word_1_83' title='bbox 444 843 517 886; x_wconf 86' lang='grc' dir='ltr'><em>καί</em></span> <span class='ocrx_word' id='word_1_84' title='bbox 544 847 621 885; x_wconf 80' lang='grc' dir='ltr'>τοῦ</span> <span class='ocrx_word' id='word_1_85' title='bbox 638 843 975 898; x_wconf 82' lang='grc' dir='ltr'><strong><em>ἑκκλησιαστικοῦ</em></strong></span> <span class='ocrx_word' id='word_1_86' title='bbox 1002 844 1181 894; x_wconf 84' lang='grc' dir='ltr'><strong><em>πολέμου</em></strong></span> <span class='ocrx_word' id='word_1_87' title='bbox 1202 838 1334 894; x_wconf 76' lang='grc' dir='ltr'><strong><em>ἀκμὴν</em></strong></span> <span class='ocrx_word' id='word_1_88' title='bbox 1362 837 1524 893; x_wconf 79' lang='grc' dir='ltr'><strong><em>ἔχοντος</em></strong></span> <span class='ocrx_word' id='word_1_89' title='bbox 1550 840 1649 894; x_wconf 77' lang='grc' dir='ltr'><strong><em>περί</em></strong></span> <span class='ocrx_word' id='word_1_90' title='bbox 1665 853 1743 880; x_wconf 79' lang='grc' dir='ltr'><strong><em>που</em></strong></span> <span class='ocrx_word' id='word_1_91' title='bbox 1758 844 1801 880; x_wconf 84' lang='lat'>10</span> 
     </span>
     <span class='ocr_line' id='line_1_12' title="bbox 318 901 1745 965; baseline -0.006 -13"><span class='ocrx_word' id='word_1_92' title='bbox 318 911 714 965; x_wconf 78' lang='grc' dir='ltr'><strong><em>μεσημβριάζουσαν</em></strong></span> <span class='ocrx_word' id='word_1_93' title='bbox 743 906 886 963; x_wconf 73' lang='grc' dir='ltr'><strong><em>ὥραν,</em></strong></span> <span class='ocrx_word' id='word_1_94' title='bbox 925 909 998 948; x_wconf 85' lang='grc' dir='ltr'><em>καί</em></span> <span class='ocrx_word' id='word_1_95' title='bbox 1036 908 1360 958; x_wconf 82' lang='grc' dir='ltr'><strong><em>διαβλεπομένου</em></strong></span> <span class='ocrx_word' id='word_1_96' title='bbox 1387 901 1443 953; x_wconf 77' lang='grc' dir='ltr'><strong><em>ὥς</em></strong></span> <span class='ocrx_word' id='word_1_97' title='bbox 1472 902 1745 959; x_wconf 73' lang='grc' dir='ltr'><strong><em>ἑτερορρεπής</em></strong></span> 
     </span>
     <span class='ocr_line' id='line_1_13' title="bbox 320 967 1746 1030; baseline -0.004 -14"><span class='ocrx_word' id='word_1_98' title='bbox 320 977 424 1030; x_wconf 74' lang='grc' dir='ltr'><strong><em>ὑπὲρ</em></strong></span> <span class='ocrx_word' id='word_1_99' title='bbox 468 977 550 1016; x_wconf 76' lang='grc' dir='ltr'><strong><em>τῶν</em></strong></span> <span class='ocrx_word' id='word_1_100' title='bbox 588 976 817 1028; x_wconf 73' lang='grc' dir='ltr'><strong><em>βασιλικῶν</em></strong></span> <span class='ocrx_word' id='word_1_101' title='bbox 849 971 986 1026; x_wconf 78' lang='grc' dir='ltr'><strong><em>ἔσται,</em></strong></span> <span class='ocrx_word' id='word_1_102' title='bbox 1021 973 1192 1024; x_wconf 76' lang='grc' dir='ltr'><strong><em>πλάσμα</em></strong></span> <span class='ocrx_word' id='word_1_103' title='bbox 1220 967 1272 1026; x_wconf 79' lang='grc' dir='ltr'><strong><em>ἢν</em></strong></span> <span class='ocrx_word' id='word_1_104' title='bbox 1299 970 1430 1024; x_wconf 78' lang='grc' dir='ltr'><strong><em>λόγων</em></strong></span> <span class='ocrx_word' id='word_1_105' title='bbox 1458 975 1542 1019; x_wconf 80' lang='grc' dir='ltr'><strong><em>τοῖς</em></strong></span> <span class='ocrx_word' id='word_1_106' title='bbox 1569 972 1746 1019; x_wconf 75' lang='grc' dir='ltr'><strong><em>πολλοῖς,</em></strong></span> 
     </span>
     <span class='ocr_line' id='line_1_14' title="bbox 319 1033 1747 1097; baseline -0.007 -14"><span class='ocrx_word' id='word_1_107' title='bbox 319 1039 399 1097; x_wconf 72' lang='grc' dir='ltr'>ἤδη</span> <span class='ocrx_word' id='word_1_108' title='bbox 438 1044 483 1083; x_wconf 82' lang='grc' dir='ltr'>δὲ</span> <span class='ocrx_word' id='word_1_109' title='bbox 522 1041 595 1082; x_wconf 82' lang='grc' dir='ltr'><strong><em>καί</em></strong></span> <span class='ocrx_word' id='word_1_110' title='bbox 632 1042 824 1082; x_wconf 75' lang='grc' dir='ltr'><strong><em>διανοιῶν</em></strong></span> <span class='ocrx_word' id='word_1_111' title='bbox 855 1038 1104 1090; x_wconf 79' lang='grc' dir='ltr'><strong><em>οἷνάπλασμα</em></strong></span> <span class='ocrx_word' id='word_1_112' title='bbox 1135 1036 1346 1090; x_wconf 78' lang='grc' dir='ltr'><strong><em>ὑπόκενον,</em></strong></span> <span class='ocrx_word' id='word_1_113' title='bbox 1393 1034 1448 1085; x_wconf 73' lang='grc' dir='ltr'><strong><em>ὥς</em></strong></span> <span class='ocrx_word' id='word_1_114' title='bbox 1478 1033 1570 1078; x_wconf 72' lang='grc' dir='ltr'><strong><em>ἰδοῦ</em></strong></span> <span class='ocrx_word' id='word_1_115' title='bbox 1605 1033 1628 1076; x_wconf 82' lang='grc' dir='ltr'>ὅ</span> <span class='ocrx_word' id='word_1_116' title='bbox 1657 1036 1747 1076; x_wconf 46' lang='grc' dir='ltr'>Κοὸ</span> 
     </span>
     <span class='ocr_line' id='line_1_15' title="bbox 318 1099 1746 1162; baseline -0.005 -13"><span class='ocrx_word' id='word_1_117' title='bbox 318 1106 471 1162; x_wconf 84' lang='grc' dir='ltr'><strong><em>μνηνὸς</em></strong></span> <span class='ocrx_word' id='word_1_118' title='bbox 508 1104 597 1161; x_wconf 75' lang='grc' dir='ltr'><strong><em>ἥκει</em></strong></span> <span class='ocrx_word' id='word_1_119' title='bbox 640 1107 712 1147; x_wconf 77' lang='grc' dir='ltr'>καί</span> <span class='ocrx_word' id='word_1_120' title='bbox 748 1101 867 1159; x_wconf 76' lang='grc' dir='ltr'><strong><em>ἐγγύς</em></strong></span> <span class='ocrx_word' id='word_1_121' title='bbox 898 1119 977 1145; x_wconf 83' lang='grc' dir='ltr'><strong><em>που</em></strong></span> <span class='ocrx_word' id='word_1_122' title='bbox 1014 1107 1087 1159; x_wconf 80' lang='grc' dir='ltr'><strong><em>τῆς</em></strong></span> <span class='ocrx_word' id='word_1_123' title='bbox 1115 1100 1401 1156; x_wconf 78' lang='grc' dir='ltr'><strong><em>α’ντιπόρθμου</em></strong></span> <span class='ocrx_word' id='word_1_124' title='bbox 1442 1104 1499 1159; x_wconf 77' lang='grc' dir='ltr'>τῷ</span> <span class='ocrx_word' id='word_1_125' title='bbox 1529 1099 1746 1157; x_wconf 73' lang='grc' dir='ltr'><strong><em>Βυζαντίῳ</em></strong></span> 
     </span>
     <span class='ocr_line' id='line_1_16' title="bbox 320 1164 1803 1224; baseline -0.006 -10"><span class='ocrx_word' id='word_1_126' title='bbox 320 1173 533 1223; x_wconf 66' lang='grc' dir='ltr'><strong><em>αὐλίζεται</em></strong></span> <span class='ocrx_word' id='word_1_127' title='bbox 583 1169 811 1224; x_wconf 80' lang='grc' dir='ltr'><strong><em>δαμάλεως.</em></strong></span> <span class='ocrx_word' id='word_1_128' title='bbox 883 1168 952 1211; x_wconf 80' lang='grc' dir='ltr'><strong><em>καί</em></strong></span> <span class='ocrx_word' id='word_1_129' title='bbox 973 1168 1017 1211; x_wconf 86' lang='grc' dir='ltr'>τὸ</span> <span class='ocrx_word' id='word_1_130' title='bbox 1037 1168 1290 1222; x_wconf 88' lang='grc' dir='ltr'><strong><em>βουλόμενον</em></strong></span> <span class='ocrx_word' id='word_1_131' title='bbox 1323 1164 1499 1210; x_wconf 74' lang='grc' dir='ltr'><strong><em>ἑκάστου</em></strong></span> <span class='ocrx_word' id='word_1_132' title='bbox 1526 1169 1608 1209; x_wconf 77' lang='grc' dir='ltr'><strong><em>τῶν</em></strong></span> <span class='ocrx_word' id='word_1_133' title='bbox 1633 1169 1747 1207; x_wconf 81' lang='grc' dir='ltr'><strong><em>πολι·</em></strong></span> <span class='ocrx_word' id='word_1_134' title='bbox 1760 1172 1803 1206; x_wconf 88' lang='lat'>15</span> 
     </span>
     <span class='ocr_line' id='line_1_17' title="bbox 319 1233 1748 1291; baseline -0.006 -11"><span class='ocrx_word' id='word_1_135' title='bbox 319 1239 400 1280; x_wconf 78' lang='grc' dir='ltr'><strong><em>τῶν</em></strong></span> <span class='ocrx_word' id='word_1_136' title='bbox 428 1233 536 1291; x_wconf 83' lang='grc' dir='ltr'><strong><em>εἶχεν</em></strong></span> <span class='ocrx_word' id='word_1_137' title='bbox 573 1236 723 1278; x_wconf 77' lang='grc' dir='ltr'><strong><em>ἐκεῖνον</em></strong></span> <span class='ocrx_word' id='word_1_138' title='bbox 749 1235 935 1287; x_wconf 79' lang='grc' dir='ltr'><strong><em>παρόντα</em></strong></span> <span class='ocrx_word' id='word_1_139' title='bbox 973 1237 1025 1291; x_wconf 82' lang='grc' dir='ltr'>τῇ</span> <span class='ocrx_word' id='word_1_140' title='bbox 1052 1234 1193 1290; x_wconf 82' lang='grc' dir='ltr'><strong><em>μάχῃ,</em></strong></span> <span class='ocrx_word' id='word_1_141' title='bbox 1222 1233 1279 1282; x_wconf 73' lang='grc' dir='ltr'><strong><em>ὥς</em></strong></span> <span class='ocrx_word' id='word_1_142' title='bbox 1307 1233 1422 1286; x_wconf 79' lang='grc' dir='ltr'><strong><em>εἴπερ</em></strong></span> <span class='ocrx_word' id='word_1_143' title='bbox 1451 1234 1495 1274; x_wconf 80' lang='grc' dir='ltr'>ἐκ</span> <span class='ocrx_word' id='word_1_144' title='bbox 1522 1234 1594 1286; x_wconf 80' lang='grc' dir='ltr'><strong><em>τῆς</em></strong></span> <span class='ocrx_word' id='word_1_145' title='bbox 1619 1233 1748 1274; x_wconf 82' lang='grc' dir='ltr'><strong><em>Σινω-</em></strong></span> 
     </span>
     <span class='ocr_line' id='line_1_18' title="bbox 320 1297 1750 1356; baseline -0.003 -13"><span class='ocrx_word' id='word_1_146' title='bbox 320 1304 440 1356; x_wconf 82' lang='grc' dir='ltr'><strong><em>πικῆς</em></strong></span> <span class='ocrx_word' id='word_1_147' title='bbox 485 1302 770 1355; x_wconf 83' lang='grc' dir='ltr'><strong><em>χερρονήσου,</em></strong></span> <span class='ocrx_word' id='word_1_148' title='bbox 813 1297 862 1354; x_wconf 72' lang='grc' dir='ltr'><strong><em>ἢν</em></strong></span> <span class='ocrx_word' id='word_1_149' title='bbox 907 1299 998 1342; x_wconf 78' lang='grc' dir='ltr'><strong><em>τότε</em></strong></span> <span class='ocrx_word' id='word_1_150' title='bbox 1035 1304 1241 1352; x_wconf 79' lang='grc' dir='ltr'><strong><em>κατεῖχεν,</em></strong></span> <span class='ocrx_word' id='word_1_151' title='bbox 1286 1300 1346 1347; x_wconf 87' lang='grc' dir='ltr'>εἰς</span> <span class='ocrx_word' id='word_1_152' title='bbox 1373 1298 1449 1351; x_wconf 79' lang='grc' dir='ltr'><strong><em>τὴν</em></strong></span> <span class='ocrx_word' id='word_1_153' title='bbox 1473 1298 1750 1350; x_wconf 77' lang='grc' dir='ltr'><strong><em>μεγαλόπολιν</em></strong></span> 
     </span>
     <span class='ocr_line' id='line_1_19' title="bbox 321 1359 1750 1422; baseline -0.006 -12"><span class='ocrx_word' id='word_1_154' title='bbox 321 1368 582 1422; x_wconf 79' lang='grc' dir='ltr'><strong><em>ἐπτερύξατο.</em></strong></span> <span class='ocrx_word' id='word_1_155' title='bbox 637 1368 710 1408; x_wconf 84' lang='grc' dir='ltr'>καί</span> <span class='ocrx_word' id='word_1_156' title='bbox 737 1364 932 1417; x_wconf 79' lang='grc' dir='ltr'><strong><em>ἐδόξαζον</em></strong></span> <span class='ocrx_word' id='word_1_157' title='bbox 953 1367 1107 1407; x_wconf 75' lang='grc' dir='ltr'><strong><em>ἐκεῖνον</em></strong></span> <span class='ocrx_word' id='word_1_158' title='bbox 1127 1367 1294 1418; x_wconf 77' lang='grc' dir='ltr'><strong><em>σωτῆρα</em></strong></span> <span class='ocrx_word' id='word_1_159' title='bbox 1318 1365 1437 1418; x_wconf 82' lang='grc' dir='ltr'><strong><em>σφῶν</em></strong></span> <span class='ocrx_word' id='word_1_160' title='bbox 1462 1359 1635 1404; x_wconf 74' lang='grc' dir='ltr'><strong><em>ἑκάστου</em></strong></span> <span class='ocrx_word' id='word_1_161' title='bbox 1656 1359 1750 1403; x_wconf 76' lang='grc' dir='ltr'><strong><em>ἔσε-</em></strong></span> 
     </span>
     <span class='ocr_line' id='line_1_20' title="bbox 323 1427 1751 1486; baseline -0.006 -11"><span class='ocrx_word' id='word_1_162' title='bbox 323 1437 426 1475; x_wconf 71' lang='grc' dir='ltr'><strong><em>σθαι</em></strong></span> <span class='ocrx_word' id='word_1_163' title='bbox 453 1435 524 1474; x_wconf 81' lang='grc' dir='ltr'><em>καί</em></span> <span class='ocrx_word' id='word_1_164' title='bbox 548 1434 656 1485; x_wconf 77' lang='grc' dir='ltr'><strong><em>ἕρμα</em></strong></span> <span class='ocrx_word' id='word_1_165' title='bbox 683 1434 757 1486; x_wconf 81' lang='grc' dir='ltr'><strong><em>τῆς</em></strong></span> <span class='ocrx_word' id='word_1_166' title='bbox 795 1433 1029 1486; x_wconf 87' lang='grc' dir='ltr'><strong><em>βασιλείας,</em></strong></span> <span class='ocrx_word' id='word_1_167' title='bbox 1059 1429 1225 1485; x_wconf 82' lang='grc' dir='ltr'><strong><em>κούφως</em></strong></span> <span class='ocrx_word' id='word_1_168' title='bbox 1257 1430 1444 1470; x_wconf 72' lang='grc' dir='ltr'><strong><em>ἐνταῦθα</em></strong></span> <span class='ocrx_word' id='word_1_169' title='bbox 1465 1427 1593 1470; x_wconf 72' lang='grc' dir='ltr'><strong><em>κάκεῖ</em></strong></span> <span class='ocrx_word' id='word_1_170' title='bbox 1615 1442 1751 1480; x_wconf 82' lang='grc' dir='ltr'><strong><em>παρα·</em></strong></span> 
     </span>
     <span class='ocr_line' id='line_1_21' title="bbox 321 1491 1808 1553; baseline -0.005 -13"><span class='ocrx_word' id='word_1_171' title='bbox 321 1501 492 1553; x_wconf 69' lang='grc' dir='ltr'><strong><em>γομένης</em></strong></span> <span class='ocrx_word' id='word_1_172' title='bbox 533 1497 637 1552; x_wconf 86' lang='grc' dir='ltr'><strong><em>πρὸς</em></strong></span> <span class='ocrx_word' id='word_1_173' title='bbox 680 1499 754 1539; x_wconf 83' lang='grc' dir='ltr'>τοῦ</span> <span class='ocrx_word' id='word_1_174' title='bbox 788 1498 1011 1549; x_wconf 79' lang='grc' dir='ltr'><strong><em>θέλοντος,</em></strong></span> <span class='ocrx_word' id='word_1_175' title='bbox 1050 1494 1164 1549; x_wconf 86' lang='grc' dir='ltr'><strong><em>εἴπερ</em></strong></span> <span class='ocrx_word' id='word_1_176' title='bbox 1191 1496 1317 1547; x_wconf 87' lang='grc' dir='ltr'><strong><em>μόνον</em></strong></span> <span class='ocrx_word' id='word_1_177' title='bbox 1342 1493 1397 1550; x_wconf 76' lang='grc' dir='ltr'>τῷ</span> <span class='ocrx_word' id='word_1_178' title='bbox 1429 1491 1808 1549; x_wconf 68' lang='grc' dir='ltr'><strong><em>πρωτοσεβαστῷῖο</em></strong></span> 
     </span>
     <span class='ocr_line' id='line_1_22' title="bbox 323 1554 1753 1620; baseline -0.004 -15"><span class='ocrx_word' id='word_1_179' title='bbox 323 1566 396 1606; x_wconf 87' lang='grc' dir='ltr'><em>καί</em></span> <span class='ocrx_word' id='word_1_180' title='bbox 421 1567 470 1620; x_wconf 77' lang='grc' dir='ltr'>τῇ</span> <span class='ocrx_word' id='word_1_181' title='bbox 498 1562 801 1619; x_wconf 76' lang='grc' dir='ltr'><strong><em>ξυνασπιζούσῃ</em></strong></span> <span class='ocrx_word' id='word_1_182' title='bbox 827 1563 1013 1615; x_wconf 82' lang='grc' dir='ltr'><strong><em>βασιλίδι</em></strong></span> <span class='ocrx_word' id='word_1_183' title='bbox 1035 1560 1261 1615; x_wconf 85' lang='grc' dir='ltr'><strong><em>χαρίζοιτο.</em></strong></span> <span class='ocrx_word' id='word_1_184' title='bbox 1317 1557 1473 1611; x_wconf 84' lang='grc' dir='ltr'><strong><em>ἔπεμπε</em></strong></span> <span class='ocrx_word' id='word_1_185' title='bbox 1501 1558 1582 1613; x_wconf 73' lang='grc' dir='ltr'>γὰρ</span> <span class='ocrx_word' id='word_1_186' title='bbox 1611 1554 1633 1598; x_wconf 81' lang='grc' dir='ltr'>ὅ</span> <span class='ocrx_word' id='word_1_187' title='bbox 1662 1559 1753 1600; x_wconf 85' lang='grc' dir='ltr'>Ἀν-</span> 
     </span>
     <span class='ocr_line' id='line_1_23' title="bbox 327 1619 1754 1684; baseline -0.005 -13"><span class='ocrx_word' id='word_1_188' title='bbox 327 1628 508 1683; x_wconf 86' lang='grc' dir='ltr'><strong><em>δρόνικος</em></strong></span> <span class='ocrx_word' id='word_1_189' title='bbox 535 1630 771 1684; x_wconf 84' lang='grc' dir='ltr'><strong><em>φαντασίαν</em></strong></span> <span class='ocrx_word' id='word_1_190' title='bbox 797 1633 881 1677; x_wconf 85' lang='grc' dir='ltr'><strong><em>τοῖς</em></strong></span> <span class='ocrx_word' id='word_1_191' title='bbox 906 1629 1089 1669; x_wconf 87' lang='grc' dir='ltr'><strong><em>πλείοσιν</em></strong></span> <span class='ocrx_word' id='word_1_192' title='bbox 1117 1621 1337 1678; x_wconf 72' lang='grc' dir='ltr'><strong><em>ἅνθρωπος</em></strong></span> <span class='ocrx_word' id='word_1_193' title='bbox 1362 1622 1468 1667; x_wconf 82' lang='grc' dir='ltr'><strong><em>εἶναι</em></strong></span> <span class='ocrx_word' id='word_1_194' title='bbox 1488 1619 1570 1672; x_wconf 85' lang='grc' dir='ltr'><strong><em>οἷος</em></strong></span> <span class='ocrx_word' id='word_1_195' title='bbox 1598 1625 1754 1665; x_wconf 80' lang='grc' dir='ltr'><strong><em>διέπειν</em></strong></span> 
     </span>
     <span class='ocr_line' id='line_1_24' title="bbox 326 1685 1755 1748; baseline -0.006 -10"><span class='ocrx_word' id='word_1_196' title='bbox 326 1695 478 1748; x_wconf 86' lang='grc' dir='ltr'><strong><em>κόσμον</em></strong></span> <span class='ocrx_word' id='word_1_197' title='bbox 507 1697 666 1746; x_wconf 78' lang='grc' dir='ltr'><strong><em>καλῶς,</em></strong></span> <span class='ocrx_word' id='word_1_198' title='bbox 695 1693 767 1736; x_wconf 84' lang='grc' dir='ltr'><em>καί</em></span> <span class='ocrx_word' id='word_1_199' title='bbox 791 1689 852 1743; x_wconf 81' lang='grc' dir='ltr'><strong><em>οἷς</em></strong></span> <span class='ocrx_word' id='word_1_200' title='bbox 881 1694 926 1734; x_wconf 84' lang='grc' dir='ltr'>δὲ</span> <span class='ocrx_word' id='word_1_201' title='bbox 954 1692 1109 1744; x_wconf 73' lang='grc' dir='ltr'><strong><em>ἔπαθε,</em></strong></span> <span class='ocrx_word' id='word_1_202' title='bbox 1135 1693 1288 1744; x_wconf 74' lang='grc' dir='ltr'><strong><em>μαθεῖν</em></strong></span> <span class='ocrx_word' id='word_1_203' title='bbox 1314 1689 1472 1744; x_wconf 79' lang='grc' dir='ltr'><strong><em>α’γαθὸς</em></strong></span> <span class='ocrx_word' id='word_1_204' title='bbox 1501 1685 1621 1739; x_wconf 81' lang='grc' dir='ltr'><strong><em>εἶναι,</em></strong></span> <span class='ocrx_word' id='word_1_205' title='bbox 1651 1686 1755 1730; x_wconf 78' lang='grc' dir='ltr'><strong><em>πάν-</em></strong></span> 
     </span>
    </p>
   </div>
   <div class='ocr_carea' id='block_1_3' title="bbox 294 1841 1759 2683">
    <p class='ocr_par' dir='ltr' id='par_1_3' title="bbox 294 1841 1759 2683">
     <span class='ocr_line' id='line_1_25' title="bbox 329 1841 1754 1889; baseline -0.006 -5"><span class='ocrx_word' id='word_1_206' title='bbox 329 1850 515 1885; x_wconf 84' lang='lat' dir='ltr'>videbatur</span> <span class='ocrx_word' id='word_1_207' title='bbox 531 1850 623 1884; x_wconf 86' lang='lat' dir='ltr'>enim</span> <span class='ocrx_word' id='word_1_208' title='bbox 639 1850 753 1882; x_wconf 87' lang='lat' dir='ltr'>socius</span> <span class='ocrx_word' id='word_1_209' title='bbox 772 1859 857 1889; x_wconf 81' lang='lat' dir='ltr'>esse,</span> <span class='ocrx_word' id='word_1_210' title='bbox 872 1847 1062 1881; x_wconf 80' lang='lat' dir='ltr'>Andronici</span> <span class='ocrx_word' id='word_1_211' title='bbox 1077 1846 1248 1881; x_wconf 88' lang='lat' dir='ltr'>Comneni</span> <span class='ocrx_word' id='word_1_212' title='bbox 1266 1845 1417 1879; x_wconf 80' lang='lat' dir='ltr'>idoneus</span> <span class='ocrx_word' id='word_1_213' title='bbox 1432 1843 1477 1878; x_wconf 86' lang='lat' dir='ltr'>ad</span> <span class='ocrx_word' id='word_1_214' title='bbox 1494 1841 1754 1888; x_wconf 77' lang='lat' dir='ltr'>comprimenda</span> 
     </span>
     <span class='ocr_line' id='line_1_26' title="bbox 331 1890 1754 1941; baseline -0.005 -11"><span class='ocrx_word' id='word_1_215' title='bbox 331 1904 367 1931; x_wconf 88' lang='lat' dir='ltr'>et</span> <span class='ocrx_word' id='word_1_216' title='bbox 397 1897 557 1938; x_wconf 80' lang='lat' dir='ltr'>arcenda,</span> <span class='ocrx_word' id='word_1_217' title='bbox 585 1907 674 1941; x_wconf 83' lang='lat' dir='ltr'>quae</span> <span class='ocrx_word' id='word_1_218' title='bbox 700 1896 818 1928; x_wconf 84' lang='lat' dir='ltr'>sutura</span> <span class='ocrx_word' id='word_1_219' title='bbox 844 1900 979 1933; x_wconf 86' lang='lat' dir='ltr'>essent,</span> <span class='ocrx_word' id='word_1_220' title='bbox 1003 1906 1121 1940; x_wconf 89' lang='lat' dir='ltr'>neque</span> <span class='ocrx_word' id='word_1_221' title='bbox 1147 1900 1264 1926; x_wconf 80' lang='lat' dir='ltr'>tamen</span> <span class='ocrx_word' id='word_1_222' title='bbox 1290 1894 1359 1933; x_wconf 85' lang='lat' dir='ltr'>ita,</span> <span class='ocrx_word' id='word_1_223' title='bbox 1385 1896 1424 1924; x_wconf 85' lang='lat' dir='ltr'>ut</span> <span class='ocrx_word' id='word_1_224' title='bbox 1447 1895 1590 1935; x_wconf 78' lang='lat' dir='ltr'>caperet</span> <span class='ocrx_word' id='word_1_225' title='bbox 1611 1890 1687 1934; x_wconf 83' lang='lat' dir='ltr'>ipse</span> <span class='ocrx_word' id='word_1_226' title='bbox 1717 1894 1754 1923; x_wconf 81' lang='lat' dir='ltr'>et</span> 
     </span>
     <span class='ocr_line' id='line_1_27' title="bbox 330 1937 1754 1985; baseline -0.006 -8"><span class='ocrx_word' id='word_1_227' title='bbox 330 1944 473 1977; x_wconf 81' lang='lat' dir='ltr'>sibimet</span> <span class='ocrx_word' id='word_1_228' title='bbox 497 1942 693 1976; x_wconf 88' lang='lat' dir='ltr'>vindicaret</span> <span class='ocrx_word' id='word_1_229' title='bbox 719 1941 876 1974; x_wconf 85' lang='lat' dir='ltr'><strong>habenas</strong></span> <span class='ocrx_word' id='word_1_230' title='bbox 893 1941 1043 1985; x_wconf 88' lang='lat' dir='ltr'>imperii,</span> <span class='ocrx_word' id='word_1_231' title='bbox 1069 1940 1131 1974; x_wconf 85' lang='lat' dir='ltr'>sed</span> <span class='ocrx_word' id='word_1_232' title='bbox 1157 1946 1195 1973; x_wconf 81' lang='lat' dir='ltr'>ut</span> <span class='ocrx_word' id='word_1_233' title='bbox 1211 1940 1341 1979; x_wconf 87' lang='lat' dir='ltr'>matris,</span> <span class='ocrx_word' id='word_1_234' title='bbox 1365 1948 1457 1983; x_wconf 84' lang='lat' dir='ltr'>quae</span> <span class='ocrx_word' id='word_1_235' title='bbox 1474 1937 1566 1969; x_wconf 80' lang='lat' dir='ltr'>male</span> <span class='ocrx_word' id='word_1_236' title='bbox 1591 1946 1754 1970; x_wconf 77' lang='lat' dir='ltr'>exercere</span> 
     </span>
     <span class='ocr_line' id='line_1_28' title="bbox 331 1981 1756 2033; baseline -0.006 -10"><span class='ocrx_word' id='word_1_237' title='bbox 331 1992 479 2024; x_wconf 84' lang='lat' dir='ltr'>tutelam</span> <span class='ocrx_word' id='word_1_238' title='bbox 504 1990 699 2030; x_wconf 82' lang='lat' dir='ltr'>videretur,</span> <span class='ocrx_word' id='word_1_239' title='bbox 724 2000 763 2021; x_wconf 85' lang='lat' dir='ltr'>ac</span> <span class='ocrx_word' id='word_1_240' title='bbox 795 1988 1031 2033; x_wconf 86' lang='lat' dir='ltr'>protosebasti</span> <span class='ocrx_word' id='word_1_241' title='bbox 1054 1987 1223 2028; x_wconf 79' lang='lat' dir='ltr'>arbitrio,</span> <span class='ocrx_word' id='word_1_242' title='bbox 1247 1986 1384 2019; x_wconf 81' lang='lat' dir='ltr'>easdem</span> <span class='ocrx_word' id='word_1_243' title='bbox 1411 1985 1565 2028; x_wconf 84' lang='lat' dir='ltr'>eriperet</span> <span class='ocrx_word' id='word_1_244' title='bbox 1597 1981 1756 2027; x_wconf 86' lang='lat' dir='ltr'>pruden-</span> 
     </span>
     <span class='ocr_line' id='line_1_29' title="bbox 330 2029 1754 2081; baseline -0.006 -11"><span class='ocrx_word' id='word_1_245' title='bbox 330 2040 380 2070; x_wconf 83' lang='lat' dir='ltr'>tia</span> <span class='ocrx_word' id='word_1_246' title='bbox 405 2050 478 2070; x_wconf 82' lang='lat' dir='ltr'>sua.</span> <span class='ocrx_word' id='word_1_247' title='bbox 528 2043 633 2081; x_wconf 86' lang='lat' dir='ltr'>atque</span> <span class='ocrx_word' id='word_1_248' title='bbox 668 2041 742 2068; x_wconf 79' lang='lat' dir='ltr'>erat</span> <span class='ocrx_word' id='word_1_249' title='bbox 766 2035 829 2068; x_wconf 88' lang='lat' dir='ltr'>ille</span> <span class='ocrx_word' id='word_1_250' title='bbox 852 2055 897 2061; x_wconf 88' lang='lat'><em>-</em></span> <span class='ocrx_word' id='word_1_251' title='bbox 923 2045 1045 2067; x_wconf 87' lang='lat' dir='ltr'>vereor</span> <span class='ocrx_word' id='word_1_252' title='bbox 1076 2034 1194 2066; x_wconf 80' lang='lat' dir='ltr'><strong>dicere</strong></span> <span class='ocrx_word' id='word_1_253' title='bbox 1221 2052 1266 2060; x_wconf 79' lang='lat'>--</span> <span class='ocrx_word' id='word_1_254' title='bbox 1288 2032 1469 2077; x_wconf 84' lang='lat' dir='ltr'>plerisque</span> <span class='ocrx_word' id='word_1_255' title='bbox 1495 2029 1563 2063; x_wconf 86' lang='lat' dir='ltr'>deo</span> <span class='ocrx_word' id='word_1_256' title='bbox 1589 2029 1669 2074; x_wconf 84' lang='lat' dir='ltr'>ipso</span> <span class='ocrx_word' id='word_1_257' title='bbox 1694 2040 1754 2062; x_wconf 88' lang='lat' dir='ltr'>ca-</span> 
     </span>
     <span class='ocr_line' id='line_1_30' title="bbox 332 2075 1753 2127; baseline -0.007 -10"><span class='ocrx_word' id='word_1_258' title='bbox 332 2086 412 2125; x_wconf 88' lang='lat' dir='ltr'>rior,</span> <span class='ocrx_word' id='word_1_259' title='bbox 440 2083 500 2116; x_wconf 90' lang='lat' dir='ltr'>sed</span> <span class='ocrx_word' id='word_1_260' title='bbox 526 2083 691 2115; x_wconf 79' lang='lat' dir='ltr'>affirmare</span> <span class='ocrx_word' id='word_1_261' title='bbox 722 2081 846 2121; x_wconf 80' lang='lat' dir='ltr'>audeo,</span> <span class='ocrx_word' id='word_1_262' title='bbox 873 2082 1070 2127; x_wconf 67' lang='lat' dir='ltr'>proximum</span> <span class='ocrx_word' id='word_1_263' title='bbox 1096 2085 1176 2125; x_wconf 87' lang='lat' dir='ltr'>post</span> <span class='ocrx_word' id='word_1_264' title='bbox 1200 2079 1303 2112; x_wconf 90' lang='lat' dir='ltr'>deum</span> <span class='ocrx_word' id='word_1_265' title='bbox 1331 2079 1448 2110; x_wconf 80' lang='lat' dir='ltr'>locum</span> <span class='ocrx_word' id='word_1_266' title='bbox 1473 2075 1654 2112; x_wconf 70' lang='lat' dir='ltr'>inanimis</span> <span class='ocrx_word' id='word_1_267' title='bbox 1678 2077 1753 2109; x_wconf 78' lang='lat' dir='ltr'>An·</span> 
     </span>
     <span class='ocr_line' id='line_1_31' title="bbox 332 2122 1755 2173; baseline -0.006 -9"><span class='ocrx_word' id='word_1_268' title='bbox 332 2130 515 2164; x_wconf 86' lang='lat' dir='ltr'>dronicum</span> <span class='ocrx_word' id='word_1_269' title='bbox 541 2129 718 2162; x_wconf 79' lang='lat' dir='ltr'>habuisse.</span> <span class='ocrx_word' id='word_1_270' title='bbox 746 2139 854 2173; x_wconf 81' lang='lat' dir='ltr'>quare</span> <span class='ocrx_word' id='word_1_271' title='bbox 883 2140 990 2173; x_wconf 90' lang='lat' dir='ltr'>quum</span> <span class='ocrx_word' id='word_1_272' title='bbox 1018 2138 1133 2172; x_wconf 82' lang='lat' dir='ltr'>pugna</span> <span class='ocrx_word' id='word_1_273' title='bbox 1159 2125 1391 2159; x_wconf 82' lang='lat' dir='ltr'>ecclesiastica</span> <span class='ocrx_word' id='word_1_274' title='bbox 1417 2124 1507 2157; x_wconf 84' lang='lat' dir='ltr'>cirea</span> <span class='ocrx_word' id='word_1_275' title='bbox 1529 2122 1652 2156; x_wconf 82' lang='lat' dir='ltr'>horam</span> <span class='ocrx_word' id='word_1_276' title='bbox 1677 2133 1755 2156; x_wconf 84' lang='lat' dir='ltr'>me-</span> 
     </span>
     <span class='ocr_line' id='line_1_32' title="bbox 333 2171 1754 2217; baseline -0.006 -7"><span class='ocrx_word' id='word_1_277' title='bbox 333 2177 502 2210; x_wconf 80' lang='lat' dir='ltr'>ridianam</span> <span class='ocrx_word' id='word_1_278' title='bbox 538 2176 842 2208; x_wconf 84' lang='lat' dir='ltr'>vehementissime</span> <span class='ocrx_word' id='word_1_279' title='bbox 876 2175 1071 2214; x_wconf 73' lang='lat' dir='ltr'>exarsisset,</span> <span class='ocrx_word' id='word_1_280' title='bbox 1098 2172 1348 2217; x_wconf 82' lang='lat' dir='ltr'>videreturque</span> <span class='ocrx_word' id='word_1_281' title='bbox 1386 2171 1423 2204; x_wconf 90' lang='lat' dir='ltr'>in</span> <span class='ocrx_word' id='word_1_282' title='bbox 1450 2181 1492 2203; x_wconf 88' lang='lat' dir='ltr'>eo</span> <span class='ocrx_word' id='word_1_283' title='bbox 1518 2180 1606 2210; x_wconf 88' lang='lat' dir='ltr'>esse,</span> <span class='ocrx_word' id='word_1_284' title='bbox 1631 2174 1671 2202; x_wconf 87' lang='lat' dir='ltr'>ut</span> <span class='ocrx_word' id='word_1_285' title='bbox 1696 2179 1754 2202; x_wconf 82' lang='lat' dir='ltr'>se-</span> 
     </span>
     <span class='ocr_line' id='line_1_33' title="bbox 294 2215 1756 2266; baseline -0.005 -10"><span class='ocrx_word' id='word_1_286' title='bbox 294 2247 299 2251; x_wconf 82' lang='lat'><em>·</em></span> <span class='ocrx_word' id='word_1_287' title='bbox 334 2223 484 2256; x_wconf 82' lang='lat' dir='ltr'>eundum</span> <span class='ocrx_word' id='word_1_288' title='bbox 523 2228 641 2266; x_wconf 81' lang='lat' dir='ltr'>partes</span> <span class='ocrx_word' id='word_1_289' title='bbox 676 2222 916 2266; x_wconf 83' lang='lat' dir='ltr'>imperatorias</span> <span class='ocrx_word' id='word_1_290' title='bbox 947 2225 1119 2260; x_wconf 83' lang='lat' dir='ltr'>verteret,</span> <span class='ocrx_word' id='word_1_291' title='bbox 1155 2217 1373 2253; x_wconf 81' lang='lat' dir='ltr'>sermonibus</span> <span class='ocrx_word' id='word_1_292' title='bbox 1414 2217 1492 2250; x_wconf 82' lang='lat' dir='ltr'>ficta</span> <span class='ocrx_word' id='word_1_293' title='bbox 1529 2221 1573 2260; x_wconf 46' lang='lat' dir='ltr'>et,</span> <span class='ocrx_word' id='word_1_294' title='bbox 1600 2215 1756 2250; x_wconf 74' lang='lat' dir='ltr'>consiliis</span> 
     </span>
     <span class='ocr_line' id='line_1_34' title="bbox 333 2261 1757 2313; baseline -0.006 -9"><span class='ocrx_word' id='word_1_295' title='bbox 333 2282 414 2304; x_wconf 86' lang='lat' dir='ltr'>mox</span> <span class='ocrx_word' id='word_1_296' title='bbox 438 2269 556 2302; x_wconf 78' lang='lat' dir='ltr'>reficta</span> <span class='ocrx_word' id='word_1_297' title='bbox 583 2269 832 2313; x_wconf 85' lang='lat' dir='ltr'>plerorumque</span> <span class='ocrx_word' id='word_1_298' title='bbox 852 2266 995 2301; x_wconf 81' lang='lat' dir='ltr'>subibat</span> <span class='ocrx_word' id='word_1_299' title='bbox 1015 2267 1149 2299; x_wconf 86' lang='lat' dir='ltr'>animos</span> <span class='ocrx_word' id='word_1_300' title='bbox 1178 2265 1300 2310; x_wconf 88' lang='lat' dir='ltr'>opinio</span> <span class='ocrx_word' id='word_1_301' title='bbox 1316 2263 1432 2298; x_wconf 75' lang='lat' dir='ltr'>inanis</span> <span class='ocrx_word' id='word_1_302' title='bbox 1446 2287 1456 2304; x_wconf 94' lang='lat'>,</span> <span class='ocrx_word' id='word_1_303' title='bbox 1481 2261 1671 2296; x_wconf 82' lang='lat' dir='ltr'>adventare</span> <span class='ocrx_word' id='word_1_304' title='bbox 1687 2262 1757 2295; x_wconf 86' lang='lat' dir='ltr'>Co-</span> 
     </span>
     <span class='ocr_line' id='line_1_35' title="bbox 334 2307 1758 2357; baseline -0.006 -6"><span class='ocrx_word' id='word_1_305' title='bbox 334 2328 498 2351; x_wconf 86' lang='lat' dir='ltr'>mnenum</span> <span class='ocrx_word' id='word_1_306' title='bbox 524 2322 558 2348; x_wconf 87' lang='lat' dir='ltr'>et</span> <span class='ocrx_word' id='word_1_307' title='bbox 583 2315 781 2348; x_wconf 78' lang='lat' dir='ltr'>constitisse</span> <span class='ocrx_word' id='word_1_308' title='bbox 810 2314 855 2347; x_wconf 84' lang='lat' dir='ltr'>ad</span> <span class='ocrx_word' id='word_1_309' title='bbox 882 2315 1075 2354; x_wconf 85' lang='lat' dir='ltr'>iuvencam,</span> <span class='ocrx_word' id='word_1_310' title='bbox 1102 2323 1191 2357; x_wconf 89' lang='lat' dir='ltr'>quae</span> <span class='ocrx_word' id='word_1_311' title='bbox 1219 2311 1322 2355; x_wconf 84' lang='lat' dir='ltr'>cpoli</span> <span class='ocrx_word' id='word_1_312' title='bbox 1354 2310 1594 2355; x_wconf 70' lang='lat' dir='ltr'>oppositaest</span> <span class='ocrx_word' id='word_1_313' title='bbox 1614 2309 1652 2342; x_wconf 88' lang='lat' dir='ltr'>in</span> <span class='ocrx_word' id='word_1_314' title='bbox 1675 2307 1758 2342; x_wconf 75' lang='lat' dir='ltr'>freti</span> 
     </span>
     <span class='ocr_line' id='line_1_36' title="bbox 336 2358 1758 2408; baseline -0.005 -13"><span class='ocrx_word' id='word_1_315' title='bbox 336 2365 412 2408; x_wconf 79' lang='lat' dir='ltr'>ripa</span> <span class='ocrx_word' id='word_1_316' title='bbox 436 2363 558 2395; x_wconf 86' lang='lat' dir='ltr'>altera.</span> <span class='ocrx_word' id='word_1_317' title='bbox 621 2362 743 2406; x_wconf 84' lang='lat' dir='ltr'>itaque</span> <span class='ocrx_word' id='word_1_318' title='bbox 772 2367 851 2394; x_wconf 87' lang='lat' dir='ltr'>vota</span> <span class='ocrx_word' id='word_1_319' title='bbox 881 2361 1030 2393; x_wconf 83' lang='lat' dir='ltr'>cuiusvis</span> <span class='ocrx_word' id='word_1_320' title='bbox 1063 2359 1145 2392; x_wconf 87' lang='lat' dir='ltr'>civis</span> <span class='ocrx_word' id='word_1_321' title='bbox 1180 2358 1281 2391; x_wconf 83' lang='lat' dir='ltr'>illum</span> <span class='ocrx_word' id='word_1_322' title='bbox 1321 2358 1358 2390; x_wconf 88' lang='lat' dir='ltr'>in</span> <span class='ocrx_word' id='word_1_323' title='bbox 1394 2367 1511 2402; x_wconf 83' lang='lat' dir='ltr'>pugna</span> <span class='ocrx_word' id='word_1_324' title='bbox 1535 2359 1758 2401; x_wconf 72' lang='lat' dir='ltr'>praesentem</span> 
     </span>
     <span class='ocr_line' id='line_1_37' title="bbox 335 2401 1759 2452; baseline -0.005 -10"><span class='ocrx_word' id='word_1_325' title='bbox 335 2409 538 2450; x_wconf 82' lang='lat' dir='ltr'>habebant,</span> <span class='ocrx_word' id='word_1_326' title='bbox 571 2407 738 2452; x_wconf 81' lang='lat' dir='ltr'>tanquam</span> <span class='ocrx_word' id='word_1_327' title='bbox 782 2419 800 2440; x_wconf 92' lang='lat' dir='ltr'>e</span> <span class='ocrx_word' id='word_1_328' title='bbox 826 2409 1013 2452; x_wconf 82' lang='lat' dir='ltr'>Sinopensi</span> <span class='ocrx_word' id='word_1_329' title='bbox 1049 2405 1282 2444; x_wconf 83' lang='lat' dir='ltr'>chersoneso,</span> <span class='ocrx_word' id='word_1_330' title='bbox 1312 2415 1418 2449; x_wconf 90' lang='lat' dir='ltr'>quam</span> <span class='ocrx_word' id='word_1_331' title='bbox 1441 2409 1515 2436; x_wconf 82' lang='lat' dir='ltr'>tum</span> <span class='ocrx_word' id='word_1_332' title='bbox 1539 2401 1696 2441; x_wconf 77' lang='lat' dir='ltr'>tenebat,</span> <span class='ocrx_word' id='word_1_333' title='bbox 1718 2401 1759 2435; x_wconf 82' lang='lat' dir='ltr'>in</span> 
     </span>
     <span class='ocr_line' id='line_1_38' title="bbox 337 2448 1759 2496; baseline -0.007 -7"><span class='ocrx_word' id='word_1_334' title='bbox 337 2456 459 2489; x_wconf 89' lang='lat' dir='ltr'>urbem</span> <span class='ocrx_word' id='word_1_335' title='bbox 486 2455 695 2488; x_wconf 83' lang='lat' dir='ltr'>advolasset.</span> <span class='ocrx_word' id='word_1_336' title='bbox 755 2454 830 2488; x_wconf 82' lang='lat' dir='ltr'>fore</span> <span class='ocrx_word' id='word_1_337' title='bbox 866 2465 943 2486; x_wconf 87' lang='lat' dir='ltr'>eum</span> <span class='ocrx_word' id='word_1_338' title='bbox 981 2452 1048 2486; x_wconf 85' lang='lat' dir='ltr'>sibi</span> <span class='ocrx_word' id='word_1_339' title='bbox 1099 2452 1224 2496; x_wconf 87' lang='lat' dir='ltr'>uisque</span> <span class='ocrx_word' id='word_1_340' title='bbox 1259 2456 1468 2484; x_wconf 83' lang='lat' dir='ltr'>servatorem</span> <span class='ocrx_word' id='word_1_341' title='bbox 1506 2448 1695 2493; x_wconf 81' lang='lat' dir='ltr'>sperabant</span> <span class='ocrx_word' id='word_1_342' title='bbox 1721 2451 1759 2480; x_wconf 81' lang='lat' dir='ltr'>et</span> 
     </span>
     <span class='ocr_line' id='line_1_39' title="bbox 337 2464 1758 2547; baseline -0.006 -12"><span class='ocrx_word' id='word_1_343' title='bbox 337 2502 638 2547; x_wconf 79' lang='lat' dir='ltr'>propugnaculum</span> <span class='ocrx_word' id='word_1_344' title='bbox 666 2501 817 2544; x_wconf 85' lang='lat' dir='ltr'>imperii,</span> <span class='ocrx_word' id='word_1_345' title='bbox 838 2500 933 2544; x_wconf 88' lang='lat' dir='ltr'>quod</span> <span class='ocrx_word' id='word_1_346' title='bbox 958 2499 1063 2532; x_wconf 82' lang='lat' dir='ltr'>facile</span> <span class='ocrx_word' id='word_1_347' title='bbox 1074 2464 1152 2531; x_wconf 60' lang='lat' dir='ltr'>‘line</span> <span class='ocrx_word' id='word_1_348' title='bbox 1175 2498 1261 2529; x_wconf 84' lang='lat' dir='ltr'>illuc</span> <span class='ocrx_word' id='word_1_349' title='bbox 1284 2497 1327 2529; x_wconf 90' lang='lat' dir='ltr'>ab</span> <span class='ocrx_word' id='word_1_350' title='bbox 1356 2506 1572 2542; x_wconf 86' lang='lat' dir='ltr'>unoquoque</span> <span class='ocrx_word' id='word_1_351' title='bbox 1599 2493 1758 2529; x_wconf 78' lang='lat' dir='ltr'>trahere-</span> 
     </span>
     <span class='ocr_line' id='line_1_40' title="bbox 338 2542 1759 2595; baseline -0.007 -13"><span class='ocrx_word' id='word_1_352' title='bbox 338 2556 407 2589; x_wconf 83' lang='lat' dir='ltr'>tur,</span> <span class='ocrx_word' id='word_1_353' title='bbox 435 2550 497 2595; x_wconf 88' lang='lat' dir='ltr'>qui</span> <span class='ocrx_word' id='word_1_354' title='bbox 526 2547 766 2592; x_wconf 84' lang='lat' dir='ltr'>protesebasto</span> <span class='ocrx_word' id='word_1_355' title='bbox 801 2553 836 2580; x_wconf 83' lang='lat' dir='ltr'>et</span> <span class='ocrx_word' id='word_1_356' title='bbox 860 2547 974 2579; x_wconf 85' lang='lat' dir='ltr'>sociae</span> <span class='ocrx_word' id='word_1_357' title='bbox 1001 2547 1098 2584; x_wconf 88' lang='lat' dir='ltr'>eius,</span> <span class='ocrx_word' id='word_1_358' title='bbox 1131 2544 1358 2588; x_wconf 83' lang='lat' dir='ltr'>imperatrici,</span> <span class='ocrx_word' id='word_1_359' title='bbox 1386 2542 1652 2587; x_wconf 46' lang='lat' dir='ltr'>gratificaretur,</span> <span class='ocrx_word' id='word_1_360' title='bbox 1700 2545 1759 2573; x_wconf 58' lang='lat' dir='ltr'>et»-</span> 
     </span>
     <span class='ocr_line' id='line_1_41' title="bbox 342 2585 1759 2635; baseline -0.006 -7"><span class='ocrx_word' id='word_1_361' title='bbox 342 2597 434 2628; x_wconf 85' lang='lat' dir='ltr'>enim</span> <span class='ocrx_word' id='word_1_362' title='bbox 462 2596 497 2628; x_wconf 90' lang='lat' dir='ltr'>in</span> <span class='ocrx_word' id='word_1_363' title='bbox 527 2595 679 2627; x_wconf 84' lang='lat' dir='ltr'>animum</span> <span class='ocrx_word' id='word_1_364' title='bbox 703 2592 915 2626; x_wconf 78' lang='lat' dir='ltr'>induxerant</span> <span class='ocrx_word' id='word_1_365' title='bbox 939 2593 1028 2625; x_wconf 80' lang='lat' dir='ltr'>hanc</span> <span class='ocrx_word' id='word_1_366' title='bbox 1055 2591 1255 2635; x_wconf 86' lang='lat' dir='ltr'>opinionem</span> <span class='ocrx_word' id='word_1_367' title='bbox 1280 2590 1453 2634; x_wconf 84' lang='lat' dir='ltr'>plerique,</span> <span class='ocrx_word' id='word_1_368' title='bbox 1479 2599 1555 2622; x_wconf 75' lang='lat' dir='ltr'>esse</span> <span class='ocrx_word' id='word_1_369' title='bbox 1581 2585 1759 2622; x_wconf 76' lang='lat' dir='ltr'>Androni-</span> 
     </span>
     <span class='ocr_line' id='line_1_42' title="bbox 341 2631 1759 2683; baseline -0.006 -10"><span class='ocrx_word' id='word_1_370' title='bbox 341 2653 417 2674; x_wconf 87' lang='lat' dir='ltr'>cum</span> <span class='ocrx_word' id='word_1_371' title='bbox 444 2642 618 2674; x_wconf 84' lang='lat' dir='ltr'>hominem</span> <span class='ocrx_word' id='word_1_372' title='bbox 649 2639 694 2673; x_wconf 78' lang='lat' dir='ltr'>ad</span> <span class='ocrx_word' id='word_1_373' title='bbox 721 2641 900 2683; x_wconf 86' lang='lat' dir='ltr'>imperium</span> <span class='ocrx_word' id='word_1_374' title='bbox 937 2639 1028 2672; x_wconf 82' lang='lat' dir='ltr'>bene</span> <span class='ocrx_word' id='word_1_375' title='bbox 1051 2636 1361 2670; x_wconf 78' lang='lat' dir='ltr'>administrandum</span> <span class='ocrx_word' id='word_1_376' title='bbox 1397 2635 1577 2675; x_wconf 87' lang='lat' dir='ltr'>idoneum,</span> <span class='ocrx_word' id='word_1_377' title='bbox 1602 2645 1644 2666; x_wconf 83' lang='lat' dir='ltr'>ac</span> <span class='ocrx_word' id='word_1_378' title='bbox 1665 2631 1759 2666; x_wconf 77' lang='lat' dir='ltr'>didi-</span> 
     </span>
    </p>
   </div>
   <div class='ocr_carea' id='block_1_4' title="bbox 342 2679 1760 2733">
    <p class='ocr_par' dir='ltr' id='par_1_4' title="bbox 342 2679 1760 2733">
     <span class='ocr_line' id='line_1_43' title="bbox 342 2679 1760 2733; baseline -0.003 -13"><span class='ocrx_word' id='word_1_379' title='bbox 342 2689 429 2720; x_wconf 83' lang='lat' dir='ltr'>cisse</span> <span class='ocrx_word' id='word_1_380' title='bbox 455 2699 517 2733; x_wconf 82' lang='lat' dir='ltr'>per</span> <span class='ocrx_word' id='word_1_381' title='bbox 541 2699 592 2728; x_wconf 78' lang='lat' dir='ltr'>ea,</span> <span class='ocrx_word' id='word_1_382' title='bbox 619 2698 708 2732; x_wconf 77' lang='lat' dir='ltr'>quae</span> <span class='ocrx_word' id='word_1_383' title='bbox 734 2697 854 2731; x_wconf 75' lang='lat' dir='ltr'>passus</span> <span class='ocrx_word' id='word_1_384' title='bbox 884 2691 987 2726; x_wconf 85' lang='lat' dir='ltr'>esset,</span> <span class='ocrx_word' id='word_1_385' title='bbox 1014 2683 1127 2717; x_wconf 81' lang='lat' dir='ltr'>bonae</span> <span class='ocrx_word' id='word_1_386' title='bbox 1158 2684 1265 2727; x_wconf 84' lang='lat' dir='ltr'>frugis</span> <span class='ocrx_word' id='word_1_387' title='bbox 1290 2693 1377 2723; x_wconf 86' lang='lat' dir='ltr'>esse,</span> <span class='ocrx_word' id='word_1_388' title='bbox 1401 2688 1436 2716; x_wconf 83' lang='lat' dir='ltr'>et</span> <span class='ocrx_word' id='word_1_389' title='bbox 1459 2681 1619 2728; x_wconf 69' lang='lat' dir='ltr'>inprimis</span> <span class='ocrx_word' id='word_1_390' title='bbox 1643 2679 1760 2717; x_wconf 76' lang='lat' dir='ltr'>cultu-</span> 
     </span>
    </p>
   </div>
  </div>
 </body>
</html>
