1838 3132
280 131 375 178 256
700 134 888 175 LEONIS
937 132 1283 175 GRAMMATICI

391 235 549 283 Θέκλας
581 235 626 276 δὲ
653 235 723 287 τῆς
767 233 952 287 α’δελφῆς
982 230 1284 288 α’ποστειλάσης
1311 230 1414 286 πρὸς
1442 232 1516 273 τόν
1540 235 1717 286 βασιλέα

281 303 336 343 δι’
364 300 595 354 ὑπόμνησιν
627 316 732 351 τινα,
770 300 938 351 μέτριον
968 293 1067 339 ὄντα
1097 297 1228 351 αὐτῆς
1248 293 1483 353 ἄνθρωπον,
1511 298 1716 353 ἥρω’τησεν

279 364 408 409 αὖτόν
447 367 469 406 ὁ
506 364 704 419 βασιλεὺς
744 360 812 405 ὅτι
839 365 899 412 τίς
927 361 1017 417 ἔχει
1051 362 1125 416 τὴν
1153 365 1303 417 κυριάν
1331 378 1421 404 σου.
1478 362 1498 403 ὃ
1531 366 1576 405 δὲ
1605 361 1716 406 εἶπεν

279 430 346 476 ὅτι
374 432 396 474 ὃ
426 431 742 485 Νεατοκομίτης.
812 428 1006 485 norom-9⁴13
1039 431 1086 470 δὲ
1128 427 1147 470 ὃ
1181 427 1379 482 βασιλεύς
1407 425 1556 484 ἤγαγεν
1585 426 1715 472 οὶῦτόν

280 502 351 541 καί
377 498 515 550 τύψας
544 499 772 550 α’πέκειρεν,
800 499 872 538 καί
907 495 953 537 τὸ
988 495 1214 549 μοναχικὸν
1242 498 1387 550 σχῆμα
1418 494 1607 542 ἐνέδυσεν
1632 496 1746 538 αι’-5

281 565 363 607 τόν.
420 562 619 612 ὦσαότως
651 564 698 604 δὲ
740 565 811 604 καί
843 559 1086 618 Προκόπιον
1128 561 1198 603 τόν
1230 559 1607 615 πρωτοβεστιάριον
1634 564 1716 603 αυ’-
1758 588 1760 590 -

238 632 356 673 Βτοῦ
383 630 631 677 ἀποστείλας
673 627 802 681 ἔτυψε
826 626 904 682 τὴν
939 629 1115 683 Θὲκλαν,
1142 630 1214 668 καί
1240 622 1348 680 ἄρας
1371 625 1501 669 πάντα
1530 626 1580 668 τὰ
1613 624 1716 682 χρή..

278 713 389 750 ματα
433 695 564 749 αὐτῆς
600 693 831 747 εἰσεκόμισε
869 695 927 750 τῷ
971 696 1158 746 βασιλεῖ·
1231 693 1300 735 τὸν
1338 695 1384 734 δὲ
1425 693 1717 750 Νεοτοκόμηῐα

279 761 385 815 μετὰ
417 763 550 803 ταῦτα
579 763 770 815 ἐποίησεν
802 760 1014 813 οἰκονόμον
1043 761 1086 800 ὲν
1114 761 1165 816 τῇ
1190 759 1348 815 μεγάλῃ
1379 760 1585 816 ἐκκλησίᾳ.

223 838 269 872 63
381 826 430 870 Ὅ
455 829 501 869 δὲ
531 825 656 876 αιῗτὸς
698 825 897 880 βασιλεύς
933 826 1155 878 ἐβάπτισεν
1184 825 1283 873 τούς
1305 825 1521 879 Ἑβραίους
1549 822 1717 882 πάντας,
1733 834 1774 866 10

279 890 366 936 ὅσοι
396 895 451 951 τῷ
477 892 565 935 τότε
593 891 731 951 χρόνῳ
759 891 840 934 ὑπὸ
867 891 942 946 τήν
967 897 1090 945 χεῖρα
1120 889 1253 932 αὐτοῦ
1283 890 1485 944 ὑπῆρχον,
1515 891 1715 942 α’ναδεξα-

278 964 413 1013 μένων
452 959 606 1007 αὕτούς
644 957 808 1001 πάντων
849 961 932 1000 τῶν
960 960 1003 1000 ἐν
1032 957 1177 1009 ἀξίαις,
1211 953 1626 1013 φιλοφρονησάμενος
1649 955 1722 998 καί

281 1029 397 1087 δῶρα
436 1027 722 1079 παρασχόντος
762 1025 927 1073 αύτούς.
1002 1022 1073 1066 τὸν
1105 1025 1150 1064 δὲ
1189 1025 1484 1077 προειρημένον
1511 1021 1720 1065 Νικόλαον

279 1091 348 1135 τὸν
374 1091 714 1146 Ἀνδροσαλίτης,
759 1091 830 1132 τὸν
856 1095 929 1133 καί
966 1088 1272 1144 προσμονάριον
1306 1092 1381 1130 τοῦ
1410 1085 1529 1142 ἁγίου
1555 1088 1717 1143 Διομή-

281 1160 393 1213 δους,
421 1150 453 1215 ᾧ
485 1156 566 1198 τινὶ
595 1156 615 1197 ὃ
644 1156 806 1211 μάρτυς
834 1155 1020 1212 ἐπεφάνη
1046 1157 1102 1204 ὥς
1139 1157 1395 1209 προείρηται,
1421 1155 1612 1208 ἐτίμησεν
1640 1150 1714 1195 mi·
1733 1157 1777 1191 15

280 1223 353 1265 τὸν
385 1221 596 1274 οἰκονόμον
634 1222 703 1264 καὶ
732 1220 978 1276 σύγκελλον,
1025 1221 1095 1263 τὸν
1127 1222 1172 1263 δὲ
1202 1220 1339 1270 ἕτερον
1370 1221 1501 1262 αὐτοῦ
1531 1219 1721 1275 Ἰωάννην

282 1289 467 1345 ἀδελφόν
499 1288 771 1344 δρουγγάριον
796 1291 867 1342 τῆς
893 1291 1050 1343 βίγλας,
1089 1286 1159 1329 τὸν
1191 1289 1236 1329 δὲ
1262 1289 1401 1340 ἕτερον
1433 1284 1612 1341 α’δελφόν
1641 1287 1722 1328 αὖ..

146 1368 266 1405 p,472
284 1358 367 1397 miv
399 1357 577 1397 Παῦλον
620 1358 696 1396 τοῦ
734 1357 976 1406 σακελλιόυ,
1019 1353 1092 1395 τὸν
1120 1354 1167 1395 δὲ
1195 1356 1390 1407 τέταρτον
1418 1348 1578 1406 γενικὸν
1606 1356 1723 1406 λογο-

283 1423 434 1476 θέτην·
500 1418 822 1475 τελευτήσαντος
867 1422 912 1461 δὲ
942 1419 1155 1462 Νικολάου
1186 1421 1261 1460 τοῦ
1285 1421 1511 1472 συγκέλλου
1537 1415 1723 1459 θάπτου-

283 1505 351 1531 σιν
380 1487 511 1530 αιῖτὸν
554 1490 613 1537 εἰς
637 1485 940 1542 Ἀρκαδιανούς
968 1487 1026 1535 εἰς
1064 1484 1136 1527 τὸν
1162 1483 1318 1526 ἑαυτοῦ
1347 1481 1469 1538 οἶκον,
1498 1481 1603 1526 ἔνθα
1633 1481 1721 1525 ἔστι
1733 1492 1780 1526 20

226 1555 326 1601 64τὸ
356 1556 552 1610 μετόχιον
580 1557 656 1597 τοῦ
691 1554 809 1608 ἁγίου
842 1551 1172 1596 Κωνσταντίνου.

388 1621 595 1677 Ἐμηνύθη
636 1622 682 1662 δὲ
719 1623 775 1678 τῷ
825 1623 995 1674 βασιλεῖ
1027 1618 1083 1666 ὥς
1127 1617 1152 1672 ἦ
1196 1616 1445 1672 Συράκουσα
1482 1617 1596 1671 παρὰ
1640 1615 1723 1657 τῶν

373 1803 507 1837 Thecla
531 1813 627 1842 vero,
642 1800 829 1834 Michaelis
850 1810 981 1838 sorore,
1009 1797 1054 1831 ad
1072 1801 1320 1842 imperatorem
1338 1795 1517 1828 hominem
1543 1794 1719 1840 quendam

283 1851 402 1884 animo
429 1849 626 1894 simplicem
650 1860 727 1882 cum
754 1847 905 1892 supplici
937 1845 1062 1878 libello
1087 1845 1264 1884 mittente,
1290 1843 1520 1885 interrogavit
1539 1853 1624 1887 'eum
1650 1842 1717 1875 im-

282 1903 425 1943 perator
449 1897 553 1942 “quis
578 1897 756 1930 dominam
785 1900 879 1928 tuam
905 1892 1061 1926 habet?''
1092 1891 1277 1937 respondit
1313 1890 1375 1923 ille
1400 1889 1720 1922 “Neatocomites.’'

283 1956 389 1990 quem
414 1955 492 1976 cum
515 1943 634 1977 subito
662 1941 789 1976 adduci
815 1941 975 1974 iussisset
1013 1940 1216 1983 imperator,
1242 1936 1448 1970 verberibus
1470 1938 1634 1969 affectum
1662 1941 1721 1969 to-

283 1992 403 2025 tondit
430 1996 466 2024 et
489 1990 684 2024 monastico
710 1988 835 2022 habitu
861 1987 990 2021 induit.
1024 1987 1196 2030 Procopio
1219 1985 1351 2029 pariter
1375 1983 1649 2028 protovestiario
1673 1982 1719 2015 ad

282 2038 450 2072 Theclam
477 2037 594 2077 misso,
618 2037 729 2080 plagis
755 2035 927 2079 impositis
952 2033 1098 2066 divitias
1117 2043 1248 2071 omnes,
1273 2042 1365 2076 (snae
1392 2029 1523 2063 deinde
1549 2030 1632 2062 {isco
1656 2029 1719 2063 ad·-

282 2086 378 2119 ditae
406 2089 499 2124 sunt,
524 2084 688 2117 sustulit:
714 2082 995 2116 Neatocomitem
1015 2091 1097 2114 vero
1124 2089 1357 2112 oeconomum
1382 2078 1420 2110 in
1448 2087 1574 2120 magna
1601 2076 1718 2110 eccle-

283 2134 333 2166 sia
357 2130 581 2177 postmodum
607 2130 776 2164 instituit.

373 2177 468 2211 Idem
496 2178 688 2221 imperator
715 2176 895 2210 Hebraeos
915 2185 1049 2214 omnes,
1078 2174 1137 2218 qui
1165 2178 1248 2205 tunc
1273 2171 1441 2215 temporis
1455 2169 1520 2203 sub
1551 2170 1628 2203 eius
1650 2180 1719 2215 po-

279 2230 409 2260 testate
438 2224 725 2270 reperiebantur,
753 2223 967 2265 baptismum
990 2221 1108 2254 subire
1125 2219 1249 2263 coiigit,
1276 2217 1549 2262 suscipientibus
1575 2227 1636 2250 eos
1661 2217 1716 2251 vi-

282 2275 326 2306 ris
354 2273 391 2305 in
417 2271 588 2315 dignitate
626 2271 845 2309 constitutis,
882 2271 1033 2314 ipsoque
1068 2268 1277 2311 imperatore
1307 2265 1494 2309 plurimam
1518 2264 1557 2297 in
1582 2274 1642 2296 eos
1671 2263 1718 2296 li-

281 2319 507 2353 beralitatem
533 2323 730 2351 exercente.
779 2317 966 2350 Nicolaum
993 2320 1121 2353 autem,
1159 2312 1204 2345 de
1229 2323 1299 2357 quo
1327 2312 1488 2356 superius
1514 2321 1628 2344 sermo
1654 2309 1719 2342 ha·

281 2366 388 2403 bitus,
408 2366 462 2397 cui
491 2365 729 2398 Androsalites
755 2374 896 2404 nomen,
923 2363 957 2395 S.
981 2359 1163 2394 Diomedis
1188 2359 1472 2398 mansionarium,
1495 2358 1553 2391 cui
1578 2362 1718 2399 martyr,

281 2419 323 2446 ut
346 2413 478 2445 dictum
508 2419 571 2452 est,
596 2413 770 2456 apparuit,
797 2410 980 2443 oeconomi
1007 2414 1042 2441 et
1061 2406 1207 2450 syncelli
1230 2405 1404 2448 dignitate
1431 2404 1634 2446 ‹leem-avim
1658 2403 1718 2439 10-

282 2471 411 2493 annem
435 2471 530 2499 vero,
555 2459 705 2492 alterum
731 2459 806 2490 eius
821 2458 975 2497 fratrem,
1000 2455 1116 2498 higlae
1141 2453 1375 2496 drungarium,
1401 2452 1616 2496 fratremque
1641 2455 1718 2484 ter-

281 2508 371 2540 tium
397 2507 539 2539 Paulum
576 2505 695 2538 sacelli
735 2504 986 2549 praepositum,
1011 2505 1173 2546 quartum
1206 2499 1361 2544 denique
1388 2498 1588 2543 generalem
1615 2497 1715 2540 logo—

283 2553 416 2587 thetam
442 2553 584 2586 creavit.
633 2551 781 2585 Nicolao
811 2550 967 2593 syncello
995 2546 1217 2595 postmodum
1237 2552 1386 2586 mortuo,
1415 2557 1542 2591 corpus
1570 2543 1646 2577 eius
1671 2541 1716 2575 ad

283 2599 498 2634 Arcadi-'mos
524 2599 742 2645 sepelierunt
770 2598 807 2630 in
840 2596 984 2642 propria
1011 2595 1138 2636 domo,
1172 2605 1242 2640 qua
1268 2593 1452 2638 praedium
1484 2597 1537 2625 est
1562 2591 1597 2624 S.
1622 2589 1716 2622 Con-

285 2647 439 2681 stamini.

378 2694 480 2726 Porro
517 2692 702 2736 Syracusas
742 2690 786 2723 ab
824 2690 989 2734 Agarenis
1022 2687 1150 2723 vastari
1188 2687 1392 2732 imperatori
1424 2684 1624 2719 nuntiatum
1650 2686 1714 2716 cst.
