1838 3132
607 143 1097 186 CHRONOGRAPfflA.
1148 192 1150 195 ,
1482 141 1576 186 123

129 245 243 300 σορῷ
271 238 361 284 ὄντι
391 243 467 285 καὶ
490 248 647 286 πλατεῖ.
716 240 762 293 ὃς
801 248 871 285 καί
899 244 1151 287 Βιταλιανὸν
1190 244 1260 287 τὸν
1288 247 1578 302 προρρηθέντα

128 305 363 366 ᾠκειώσατο
404 310 476 352 καί
502 308 734 365 στρατηγὸν
771 312 938 367 ἐτίμησε
971 314 1043 354 καί
1069 312 1307 367 παρρησίαν
1335 310 1450 365 ἔχειν
1474 309 1582 367 πρὸς

130 373 261 417 αὐτόν
289 376 397 430 ὑπὲρ
425 375 523 425 τούς
550 376 723 427 λοιπούς
750 378 955 432 ἐποίησεν.
1013 378 1299 436 ἐδολοφονήθη
1329 381 1375 421 δὲ
1400 378 1421 420 ό
1451 381 1582 420 Βιτα-

129 440 275 491 λιανός
300 442 415 497 παρὰ
454 443 535 485 τῶν
564 445 812 494 Βυζαντίων
843 442 1087 498 ,ιιηνιώντων
1115 444 1247 488 αὐτὸν
1275 444 1348 487 διὰ
1377 443 1450 500 τὴν
1476 458 1583 498 προ-

95 509 349 563 5ειρημένην
382 506 673 550 ἐπανάστασιν.
740 508 978 562 Ἀμιὶντιον
1021 512 1067 552 δὲ
1105 510 1173 553 τὸν
1202 511 1498 566 πραιπόσιτον,
1536 508 1584 558 ὃς

128 573 200 616 τὸν
227 573 331 616 ναόν
355 577 431 616 τοῦ
465 574 583 628 ἁγίου
611 574 848 616 οἶποστόλου
881 578 1018 628 Θωμᾶ
1044 580 1302 631 θαυμαστῶς
1331 577 1584 634 ᾠκοδόμησε,

130 642 296 694 λέγεται
321 640 519 695 χρήματα
549 642 775 683 δεδωκέναι
803 643 1007 700 ’[ουστίνῳ
1037 638 1123 686 ἕντι
1149 643 1301 699 κόμητι
1329 645 1412 685 τῶν
1443 644 1585 692 §gnev-

129 705 309 761 βιτόρων
336 706 408 749 ἐπὶ
431 706 732 762 Ἀναστασιόυ,
762 705 875 757 ὅπως
889 709 1112 751 Θεόκτιτον
1141 709 1215 751 τόν
1248 709 1424 763 ἀνεψιόν
1452 710 1587 750 αὐτοῦ

130 767 394 829 ἇναγορεύσῃ
422 775 482 822 εἰς
507 776 712 827 βασιλέα·
770 776 918 816 τοῦτον
939 777 1102 818 α’νεῖλεν
1125 776 1360 828 Ἰουστῖνος,
1387 777 1466 818 ’καί
1487 774 1588 824 τούς

75 844 119 880 10
132 836 207 891 τὴν
236 838 469 894 ἄνταρσίαν
497 840 576 882 σὺν
605 840 724 899 αὐτῷ
752 841 1077 896 μελετήσαντας,
1105 841 1180 898 τήν
1207 844 1430 896 βασιλείαν
1457 838 1588 889 αὐτὸς

130 919 365 958 κατασχων.

239 971 329 1012 Ἐπί
354 973 490 1013 αὐτοῦ
519 972 572 1015 τοὶ
604 971 709 1015 κατὰ
740 972 810 1015 τὸν
839 970 955 1028 ἅγιον
986 973 1173 1029 Ἀρέθαν
1200 977 1272 1017 καί
1299 974 1398 1023 τούς
1424 976 1479 1016 ἐν.
1498 976 1589 1016 Νε-

130 1037 213 1094 γρᾷ
238 1038 292 1094 τῇ
318 1036 432 1080 πόλει
473 1038 682 1095 ἐπράχθη,
711 1041 786 1081 καί
809 1038 859 1082 τὰ
892 1040 996 1083 κατὰ
1036 1040 1121 1083 τών
1143 1042 1377 1097 Ὁμηριταῗν
1405 1043 1459 1082 δι’
1484 1043 1590 1083 Ἐλε-

131 1103 271 1157 σβαάν
313 1107 386 1146 τοῦ
422 1108 632 1158 βασιλέως
671 1105 910 1149 Αἰθιόπων.
941 1106 1144 1163 ἐτυπίόθη
1181 1109 1228 1149 δὲ
1257 1106 1328 1149 ἐπὶ
1354 1103 1485 1150 αὗτοῦ
1511 1109 1591 1148 τοῦ

77 1167 344 1224 15ὲορτοίζειν
376 1170 492 1225 ἡμᾶς
531 1173 605 1214 καί
629 1172 706 1228 τήν
746 1169 897 1228 ἑορτὴν
942 1176 1015 1227 τῆς
1051 1173 1310 1228 ὖπαπαντῆς,
1340 1175 1468 1228 μέχρι
1495 1175 1590 1215 τότε
1646 1215 1649 1218 ⁴

130 1234 187 1290 μή
222 1232 533 1293 ἑορταζομένης.
592 1239 658 1295 ἐφ’
687 1232 737 1280 οὗ
759 1238 895 1294 α’στὴρ
925 1239 1060 1296 ἐφάνη
1089 1241 1135 1282 ἐν
1163 1241 1220 1296 τῷ
1253 1239 1420 1295 ου’ρανιῇ
1450 1238 1589 1281 ἐπάνω

131 1305 207 1357 τῆς
231 1306 393 1358 χαλκῆς
423 1305 556 1358 πύλης
602 1306 646 1346 ἐν
683 1308 742 1362 τῷ
781 1308 968 1363 παλατίῳ
1012 1309 1176 1361 φαίνων
1217 1306 1289 1347 ἑπί
1327 1305 1490 1359 ἡμέρας
1520 1304 1595 1346 καὶ

131 1369 284 1418 νύκτας
327 1370 608 1413 εἰκοσιεννέα·
664 1373 737 1412 καί
778 1373 919 1424 γέγονε
948 1369 1120 1424 σεισμὸς
1150 1370 1463 1427 φοβερώτατος
1520 1372 1594 1413 καὶ

134 1434 159 1489 ἦ
189 1437 267 1488 μὲν
298 1435 739 1485 Κωνσταντινουπόλις
774 1438 820 1478 ἐν
858 1434 1082 1492 διαφόροις
1123 1435 1266 1485 τόποις
1293 1438 1501 1490 α’πέλαβεν
1520 1471 1531 1492 ‚
1562 1435 1589 1490 ἢ

73 1506 119 1540 20
135 1503 182 1543 δὲ
211 1499 395 1556 μεγάλης
435 1503 692 1557 Ἀντιοχείας
722 1503 857 1551 πάθος
886 1501 1042 1544 ἔπαθεν
1079 1500 1398 1558 α’νεκδιήγητον,
1429 1501 1487 1552 ὥς
1516 1519 1593 1543 κα·

133 1571 407 1622 ταπτωθῆναι
433 1571 572 1610 πᾶσαν
597 1569 750 1622 σχεδὸν
770 1568 844 1623 τὴν
872 1567 993 1610 πόλιν
1023 1572 1096 1611 καί
1120 1569 1256 1625 τάφον
1284 1571 1482 1622 γενέσθαι
1509 1570 1593 1611 τῶν

133 1634 379 1689 οἰκητόρων·
439 1637 619 1691 τοσαύτη
660 1635 743 1689 γάρ
774 1635 798 1690 ἧ
830 1634 931 1690 ὀργὴ
975 1638 1050 1677 τοῦ
1086 1637 1190 1677 θεοῦ
1226 1635 1408 1690 ἐπῆλθεν
1433 1635 1490 1685 ὥς
1520 1635 1595 1676 καὶ

132 1699 229 1750 τούς
268 1701 599 1758 ὑπολειφθέντας
635 1705 719 1755 πῦρ
764 1704 947 1754 ἐξελθεῖν
995 1700 1077 1744 «ind
1108 1704 1178 1757 τῆς
1217 1704 1292 1756 γῆς
1319 1701 1391 1743 καί
1417 1703 1593 1756 οἰκτρῶς

131 1771 399 1824 καταφλέξαι.
458 1767 567 1810 α’λλοὶ
602 1769 674 1812 καί
714 1769 740 1824 ἦ
771 1768 1125 1824 Πομπηϊούπολις
1153 1770 1227 1823 τῆς
1258 1769 1436 1818 Ιὶῖυσιάς
1466 1769 1591 1823 διαρ-

227 1875 320 1929 7.“ἐξ
342 1875 564 1955 κῗιυσιὶτρων
592 1877 618 1910 C
790 1877 842 1910 16.
871 1877 939 1924 ἀφ’
965 1877 991 1910 C
1171 1876 1228 1909 21.
1252 1875 1537 1918 κατατηωθῆναι
1563 1874 1590 1908 C

225 1935 301 1961 πας
326 1934 366 1956 co

134 2014 310 2059 cessitque
335 2015 393 2056 ei,
430 2014 545 2048 libere
572 2027 636 2061 pro
662 2015 809 2060 reliquis
833 2015 930 2060 apud
956 2027 993 2049 se
1022 2015 1134 2061 loqui.
1183 2014 1384 2049 Vitalianus
1410 2013 1496 2047 dolo
1521 2014 1590 2046 cir-

134 2058 342 2095 cumventus
368 2067 422 2095 est
445 2074 464 2095 a
491 2063 666 2107 Byzantiis
695 2063 793 2096 iratis
820 2062 854 2095 ei
892 2069 1039 2108 propter
1063 2062 1278 2096 seditionem
1303 2074 1408 2107 supra
1433 2071 1590 2094 comme-

132 2115 316 2142 moratam.
365 2111 550 2143 Amantius
588 2111 810 2155 praepositus
829 2134 838 2150 ,
866 2111 927 2156 qui
970 2110 1021 2145 St.
1045 2109 1205 2144 'rhomae
1232 2111 1389 2155 apostoli
1416 2107 1590 2152 templum

135 2156 363 2200 splendidum
399 2157 603 2191 aedificavit
631 2163 667 2190 et
689 2159 784 2190 varie
809 2158 962 2198 ornavit,
999 2162 1182 2204 argentum
1209 2157 1351 2191 dedisse
1378 2155 1590 2202 perhibetur

134 2202 285 2243 Iustino,
311 2215 419 2249 quum
447 2204 507 2236 hic
531 2210 624 2238 esset
650 2205 716 2237 sub
743 2205 928 2237 Anastasio
955 2204 1204 2237 excubitorum
1231 2216 1359 2245 comes,
1384 2209 1425 2237 ut
1449 2202 1590 2236 scilicet

134 2248 363 2283 'l'heoctitum
393 2258 579 2294 cognatum
607 2263 710 2284 suum
737 2263 851 2295 regem
881 2252 1125 2296 proclamaret.
1175 2251 1271 2285 hunc
1296 2252 1451 2285 lustinus
1471 2250 1586 2282 inter-

136 2296 223 2329 fecit
246 2308 315 2330 una
342 2310 418 2331 eum
446 2299 502 2341 iis,
533 2299 595 2345 qui
623 2299 837 2332 seditionem
870 2310 949 2331 cum
975 2311 1018 2332 eo
1050 2298 1250 2332 machinati
1279 2305 1394 2341 erant,
1419 2296 1490 2331 sibi
1517 2296 1587 2329 im-

134 2343 273 2388 perium
296 2346 463 2378 retinens.

227 2390 301 2424 Sub
328 2403 369 2425 eo
395 2393 488 2426 facta
515 2398 599 2426 sunt
624 2404 716 2439 quae
745 2393 789 2426 de
818 2397 940 2426 sancto
967 2392 1099 2426 Aretha
1125 2399 1162 2427 et
1186 2392 1321 2438 Negrae
1348 2391 1475 2424 incolis
1501 2401 1587 2423 nar-

134 2442 268 2478 rantur,
295 2444 331 2471 et
355 2439 398 2472 de
426 2440 615 2473 Homer-itis
643 2452 707 2485 per
732 2440 907 2473 Elesbaan
943 2440 1153 2486 Aethiopum
1182 2451 1297 2484 regem
1323 2439 1427 2472 facta.
1453 2437 1588 2471 consti-

134 2489 251 2517 tutum
278 2486 383 2518 etiam
409 2493 462 2520 est
488 2487 704 2520 obviationis
731 2490 859 2520 festum
886 2487 1081 2528 celebrare,
1102 2487 1199 2534 quod
1223 2493 1327 2520 antea
1352 2496 1426 2518 non
1454 2485 1586 2517 sactum

134 2537 221 2564 erat.
272 2532 337 2566 snb
366 2545 408 2566 eo
434 2533 529 2567 sidus
565 2535 603 2567 in
643 2535 744 2568 coelo
771 2535 938 2580 apparuit
972 2546 1078 2579 supra
1108 2546 1254 2567 aeneam
1292 2538 1430 2578 portam
1462 2531 1588 2576 palatii

133 2589 200 2623 per
230 2578 275 2611 29
314 2578 389 2612 dies
426 2586 621 2625 noctesque
660 2583 812 2625 fulgens.
871 2582 943 2614 fnit
974 2583 1081 2614 etiam
1123 2587 1238 2614 terrae
1264 2586 1379 2613 motus
1407 2577 1586 2618 terribilis,

134 2636 208 2670 quo
237 2626 358 2670 Cpolis
399 2628 528 2671 passim
564 2628 660 2661 laesa
697 2635 762 2668 est,
789 2628 851 2662 sed
892 2629 1082 2661 Antiochia
1105 2627 1321 2661 ineffabilem
1348 2625 1587 2658 calamitatem

134 2683 302 2717 perpessa
329 2679 404 2714 est;
430 2685 511 2707 nam
538 2680 612 2707 tota
641 2675 714 2708 fere
740 2676 824 2708 urbs
857 2675 1015 2709 concidit
1048 2681 1084 2708 et
1110 2676 1200 2708 facta
1228 2679 1281 2708 est
1307 2673 1502 2706 incolarum
1530 2682 1586 2704 se-

135 2719 347 2764 pulchrum3
387 2725 423 2754 et
451 2726 552 2755 tanta
586 2722 655 2756 fuit
678 2722 737 2756 dei
761 2724 826 2763 ira,
852 2728 891 2756 ut
930 2723 986 2756 vel
1013 2723 1130 2756 relicti
1157 2721 1231 2766 igni
1259 2732 1278 2755 e
1303 2726 1397 2755 terra
1422 2730 1585 2766 prorum·
