1838 3132
582 100 1073 146 CHRONOGRAPHIA.
1457 99 1553 146 303

105 209 311 264 ἔρχεσθαι
348 202 562 261 Ῥωμανῷ.
630 205 707 246 τοῦ
747 204 793 245 δὲ
824 204 956 246 Φωκᾶ
995 205 1055 254 εἷς
1092 201 1310 259 α’μὴχανον
1338 202 1560 258 περιστὰν-
1594 204 1597 211 ’

109 291 180 325 τος
209 276 281 315 καί
305 270 552 326 ἀπογνόντος
591 268 649 319 ὥς
674 269 808 323 πάσης
849 271 1016 320 ἐλπίδος
1043 268 1333 325 ἤστοχηκότος,
1362 269 1434 312 καί
1457 286 1564 326 χρη-

112 343 297 396 σαμένου
331 340 457 396 φυγῇ,
487 339 560 380 καί
587 334 692 391 πρὸς
720 333 764 378 τὰ
808 334 985 390 κὰστρον
1016 337 1180 387 Ἀτεοῦς
1209 339 1602 391 παραγενομένου,Β

114 414 187 451 και·
211 405 268 461 μὴ
294 404 527 460 δεχθέντος,
557 405 601 446 ἐν
627 403 772 460 χωρίῳ
802 403 850 443 δὲ
881 401 1175 460 ὀνομαζομένῳ
1206 404 1430 458 Γοηλέοντι
1459 402 1564 458 φεύ-

78 484 229 530 5γοντι
260 472 582 527 συλληφθέντος,
609 471 858 511 α’πέστελλεν
889 465 1110 520 Ῥωμανὸς
1134 466 1327 524 Ἰωάννην
1354 467 1426 512 τὸν
1461 471 1568 510 Του-

114 543 224 596 βάκη
250 541 322 582 καί
350 541 516 582 Λέοντα
548 534 618 577 τόν
648 534 778 576 αὕτοῦ
813 536 990 590 συγγενῆ
1018 531 1128 576 ιδ’στε
1162 536 1401 590 εἰσαγαγεῖν
1440 532 1572 576 αὐτὸν

117 610 162 651 ἐν
190 607 239 664 τῇ
273 603 403 648 πόλει.
462 601 500 645 οἱ
524 605 570 644 δὲ
598 604 749 644 τοῦτον
777 600 1059 657 κρατήσαντες
1088 601 1406 657 οἷπετύφλωσαν,
1434 599 1572 642 καίτοι

116 668 327 730 μηδεμίαν
363 668 478 724 παρὰ
529 666 681 711 τούτου
717 665 936 720 δεξάμενοι
975 666 1165 724 ἐντολήν,
1212 669 1303 710 ἀλλ’
1334 666 1573 724 αὐθαιρέτῳ

118 737 260 796 γνώμῃ
287 739 410 780 τοῦτο
440 733 715 790 πεποιηκότες,
745 733 801 782 οἷς
833 733 1120 788 ἀγανακτῆσαι
1149 735 1219 776 ἐπὶ
1239 732 1371 791 τούτῳ
1397 735 1470 775 καί
1494 736 1575 787 βα-

66 803 395 856 Ιῡσιλεοποὲτορα
432 799 660 854 Ῥωμανόν.
731 797 969 857 ,Αὐγούστῳ
1007 801 1053 842 δὲ
1085 802 1187 855 μηνί
1227 799 1496 856 κατεμηνύθη
1522 797 1573 842 τοὶ

118 872 191 927 τῆς
218 869 440 924 ἐπιβουλῆς
472 868 794 909 Κωνσταντίνου
814 867 1098 922 Κτηματηνοῦ
1124 866 1197 907 καί
1221 867 1364 918 Δαβίδ
1397 868 1576 919 Καμουε-

120 937 267 980 λιανοῦ
296 935 369 977 καί
390 932 572 988 Μιχαὴλ
601 929 868 987 κουράτωρος
897 934 980 974 τῶν
1008 930 1257 986 μαγγοίνων·
1288 933 1361 973 καί
1386 933 1580 987 τυφθέν-

119 1019 187 1053 τες
219 997 333 1045 οὗτοι
359 999 434 1043 καὶ
460 1002 742 1056 δημευθέντες
770 997 840 1040 διά
862 1001 992 1054 μέσης
1020 1000 1198 1052 διῆλθον
1218 1000 1292 1054 τῆς
1319 996 1480 1047 πόλεως
1508 999 1580 1039 καί
1589 1002 1620 1037 C

122 1072 166 1113 ἐν
197 1069 335 1127 ἐξοριᾲ
365 1067 745 1122 παρεπέμφθησαν.
802 1060 955 1120 ἤγαγον
976 1066 1030 1113 δὲ
1058 1068 1223 1108 Λέοντα
1252 1061 1481 1120 μάγιστρον
1508 1066 1581 1106 καί

69 1147 111 1181 15
124 1137 367 1188 δομέστικον
395 1134 476 1175 τῶν
503 1134 668 1186 σχολῶν
700 1133 745 1175 ἐν
775 1133 828 1190 τῇ
855 1129 984 1184 πόλει,
1013 1130 1084 1174 καὶ
1117 1132 1290 1186 διῆλθεν
1320 1132 1364 1173 ἐν
1390 1133 1500 1187 μέσῃ
1529 1133 1579 1190 τῇ

123 1201 256 1258 α’γορᾴ
283 1197 442 1257 ἡμιόνῳ
473 1196 738 1254 ἐφεζόμενος.
805 1197 1011 1254 ἐφωράθη
1044 1198 1090 1239 δὲ
1118 1198 1191 1239 καί
1218 1196 1317 1252 Ζωὴ
1345 1196 1578 1253 Αὔγούστα

124 1267 459 1321 ἐπιβουλεύουσα
482 1265 686 1322 Ῥωμανῷ
716 1263 786 1307 διὰ
827 1267 1197 1319 πεφαρμαγμένων
1227 1261 1466 1319 βρωμάτων
1495 1263 1577 1306 ὑπὸ

126 1331 362 1387 Θεοκλὴτου
391 1331 589 1386 νοταρίου
618 1333 693 1386 τῆς
721 1332 954 1385 ὑπουργίας
981 1332 1321 1373 σκευασθέντων·
1377 1334 1452 1373 καί
1478 1331 1582 1374 ταὺ-

127 1416 203 1455 την
230 1400 305 1443 τοῦ
333 1398 536 1440 παλατίου
584 1397 938 1452 καταβιβάζουσιν
982 1397 1056 1439 καί
1092 1398 1152 1446 εἰς
1177 1397 1221 1439 τὸ
1258 1399 1446 1452 Πετριόν
1468 1398 1580 1440 οἷποέ.

68 1480 116 1516 20
127 1481 288 1520 γουσιν,
318 1468 392 1520 τῆς
423 1464 545 1520 ἁγίας
574 1464 804 1520 Εὕφημίας
830 1466 938 1522 μονῇ
967 1464 1276 1518 α’ποκείραντες.
1312 1464 1579 1521 προσεκλήθη

129 1535 177 1576 δὲ
206 1531 320 1585 παρὰ
365 1529 668 1587 Θεοφυλάκτου
707 1533 929 1584 πατρικίου
970 1531 1042 1572 καὶ
1083 1531 1262 1586 κόμητος
1289 1532 1365 1573 τοῦ
1393 1533 1582 1574 σταύλου

129 1601 189 1648 εἰς
218 1594 388 1652 ἄριστον
426 1597 449 1638 ὁ
479 1597 742 1651 παιδαγωγὸς
775 1598 1330 1648 Κωνσταντίνουβασιλέως
1361 1596 1584 1651 Θεόδωρος

129 1665 202 1709 καί
229 1663 404 1719 Συμεών
435 1663 455 1705 ὃ
487 1666 620 1706 αὐτοῦ
653 1662 853 1720 ἀδελφός.
892 1661 1121 1706 ἐσθιόντων
1151 1665 1197 1706 δὲ
1224 1659 1361 1706 αὐτῶν
1388 1665 1584 1719 εἰσῆλθεν

133 1877 330 1913 subducere
367 1887 405 1910 se
437 1877 558 1910 cuncti
594 1881 631 1910 et
655 1877 811 1910 Romano
844 1876 1068 1921 imperatoris
1105 1875 1195 1921 patri
1221 1875 1414 1911 adhaerere
1443 1889 1575 1924 coepe-

135 1931 228 1960 runt.
277 1925 408 1959 Phocas
433 1924 470 1957 in
494 1924 674 1969 augustias
703 1923 877 1957 deductus
904 1924 1000 1956 omni
1028 1935 1090 1968 spe
1120 1924 1238 1968 lapsus
1265 1929 1334 1967 θεῖς
1363 1936 1472 1971 quare
1499 1928 1582 1970 fuga

134 1986 229 2014 usus,
256 1978 293 2006 et
322 1972 406 2005 urbe
431 1973 540 2005 Ateus
564 1972 690 2017 petita,
716 1982 794 2004 cuin
819 1982 891 2004 non
918 1972 1159 2015 reciperetur,
1191 1972 1228 2004 in
1257 1971 1374 2005 locum
1401 1974 1457 2006 cui
1486 1975 1584 2006 Goe-

135 2021 217 2054 leon
243 2030 374 2053 nomen
395 2020 532 2064 fugiens
558 2018 832 2064 comprehensus
859 2023 922 2051 est.
980 2018 1110 2051 exinde
1126 2020 1301 2052 Romanus
1327 2021 1585 2054 IoannemTu-

136 2069 259 2102 bacem
284 2074 320 2101 et
343 2069 500 2101 Leonem
529 2067 605 2099 eius
635 2072 824 2110 cognatum
850 2064 1032 2098 hominem
1061 2067 1099 2098 in
1126 2065 1248 2099 urbem
1274 2066 1491 2101 adducturos
1516 2068 1587 2100 nii-

135 2117 191 2150 sit.
242 2114 538 2159 comprehensum
565 2115 688 2159 itaque
725 2113 838 2146 oculis
871 2114 1124 2157 privaverunt,
1149 2114 1251 2146 nullo
1279 2114 1364 2148 licet
1388 2127 1494 2161 super
1515 2115 1586 2148 hoc

135 2168 281 2208 accepto
308 2164 416 2202 iussu,
440 2161 502 2194 sed
528 2167 727 2206 spontanea
763 2161 946 2193 voluntate
984 2159 1030 2192 ad
1054 2160 1122 2193 hoc
1147 2160 1258 2201 ducti,
1285 2161 1375 2195 adeo
1405 2169 1444 2197 ut
1469 2163 1586 2208 impe-

136 2210 261 2243 ratoris
287 2215 386 2254 pater
414 2210 587 2242 Romanus
613 2207 657 2241 de
686 2208 842 2241 facinore
867 2207 1025 2240 tristatus
1055 2207 1175 2241 fuerit.
1225 2220 1346 2242 mense
1373 2216 1490 2244 autem
1512 2213 1586 2243 Au-

137 2263 237 2301 gusto
267 2257 494 2290 Constantini
522 2256 732 2296 Ctemateni,
756 2254 902 2288 Davidis
932 2255 1127 2288 Camuliani
1162 2261 1198 2288 et
1220 2256 1408 2290 Michaelis
1433 2269 1583 2301 manga-—

136 2315 262 2338 norum
288 2304 458 2336 curatoris
487 2302 650 2337 detectae
686 2308 770 2336 sunt
796 2302 970 2336 insidiae:
998 2313 1107 2348 quare
1132 2303 1238 2337 etiam
1264 2304 1301 2336 hi
1327 2304 1432 2338 bonis
1461 2305 1586 2350 publi-
1626 2321 1635 2328 -

138 2352 238 2391 catis,
261 2350 466 2384 verberibus
506 2351 624 2384 affecti
656 2356 693 2384 et
716 2362 780 2395 pei·
813 2349 967 2382 mediam
1007 2349 1129 2382 urbem
1160 2350 1335 2392 traducti,
1374 2352 1412 2384 in
1439 2353 1587 2386 exilium

138 2399 236 2433 missi
262 2403 356 2431 sunt.
407 2398 561 2432 Leonem
590 2398 739 2443 insuper
760 2398 966 2441 magistrum
995 2402 1030 2430 et
1058 2397 1259 2431 scholarum
1288 2399 1520 2432 domesticum
1549 2401 1590 2434 in

140 2446 266 2480 urbem
291 2444 522 2487 induxerunt,
549 2446 612 2491 qui
635 2446 734 2478 mulo
759 2445 919 2478 insidens
956 2455 1021 2489 per
1048 2444 1204 2478 medium
1228 2446 1344 2479 sorum
1371 2447 1586 2491 pertransiit.

141 2494 262 2527 delata
290 2498 344 2526 est
370 2493 476 2526 etiam
507 2493 574 2526 Zoe
613 2494 791 2537 Augusta,
822 2498 860 2525 ut
888 2503 980 2537 quae
1006 2493 1161 2526 Romano
1188 2505 1252 2538 per
1275 2499 1508 2538 praeparatos
1535 2496 1588 2528 ci-

140 2541 205 2574 bos
233 2552 251 2573 a
277 2539 474 2574 Theocleto
502 2540 694 2573 ministerii
719 2540 861 2573 notario
886 2538 1134 2573 insidiaretur:
1158 2551 1266 2586 quare
1291 2540 1383 2574 hanc
1407 2553 1426 2574 e
1451 2542 1588 2586 palatio

144 2587 308 2622 recedere
333 2592 490 2620 coactam
515 2587 551 2619 in
578 2588 612 2621 S.
642 2587 859 2632 Euphemiae
885 2589 1099 2620 monasterio
1133 2589 1178 2620 ad
1206 2589 1355 2620 Pettium
1383 2589 1452 2622 sito
1477 2590 1590 2623 tonsis

142 2635 284 2681 capillis
313 2634 504 2667 monialem
528 2634 700 2668 fecerunt.
751 2633 962 2668 Theodorus
979 2640 1109 2673 autem.
1139 2636 1368 2668 Constantini
1394 2637 1591 2681 imperato-

143 2685 190 2716 ris
218 2682 461 2729 paedagogus,
501 2687 538 2716 et
573 2682 717 2716 Simeon
756 2682 832 2715 eius
869 2682 978 2715 frater
1009 2694 1030 2716 a
1063 2681 1333 2727 Theophylacto
1368 2685 1518 2729 patricio
1553 2689 1591 2719 et
