1838 3132
304 118 400 168 416
862 123 1197 165 EUSTATHlUS
1246 84 1251 93 ,

303 230 376 269 ταὶ
406 228 621 281 α’ρχόντων
663 221 735 272 οὓς
776 223 797 265 ὃ
830 223 1083 278 Ἀνδρόνικος
1127 222 1298 278 φαύλως
1326 223 1487 265 διέθετο
1514 249 1595 278 —,
1623 218 1740 266 οὗτοι

301 291 367 347 δή,
397 295 467 335 καί
495 290 583 334 ὅσοι
625 293 671 333 δὲ
698 286 816 332 ἄλλοι
847 291 891 331 ἐν
936 285 1095 341 ὁμοίοις
1137 293 1274 336 κακοῖς
1305 283 1434 343 ἦσαν,
1462 288 1742 344 ἐπρέσβευσαν

301 359 416 414 παρὰ
446 356 621 406 πολλοὺς
660 358 743 398 τῶν
781 358 956 410 μέγιστα
997 356 1234 408 δυναμένων
1265 353 1367 407 περί
1388 369 1432 396 τε
1465 353 1513 396 τὰ
1538 357 1613 410 τῆς,
1634 351 1741 412 ἱ-ιρας

302 423 457 480 λήξεως
495 422 566 464 καί
603 421 653 465 τοὶ
685 419 874 476 ἑσπέρια.
940 420 1012 462 καί
1054 419 1092 462 οἱ
1119 422 1196 473 μὲν
1233 419 1307 461 τὸν
1333 418 1511 462 σουλτὰν
1539 421 1740 474 ἠρέθισαν

301 491 354 533 τὰ
384 492 526 542 πλείω,
555 488 852 542 προϊσχόμενοι
872 489 930 536 εἰς
952 488 1170 528 δυσωπίαν
1209 485 1280 528 τὸν
1308 486 1384 528 τοῦ
1401 484 1639 539 βραχυβίου.
1663 489 1776 539 [Sa-5

301 558 447 604 σιλέως
474 555 662 604 Ἀλεξίου
691 552 885 608 θάνατον,
914 546 1025 611 ᾧπερ
1057 549 1210 608 ὤφειλε
1232 550 1354 593 πιστοὶ
1380 549 1451 592 διὰ
1479 549 1550 593 τὸν
1579 553 1743 606 πατέρα

301 620 512 674 Μανουὴλ
542 619 563 661 ὖ
595 622 677 662 ταῖν
704 620 942 674 Ἁγαρηνῶν
968 616 1202 671 ἔθναρχος·
1245 617 1377 671 ἕτεροι
1405 618 1451 658 δὲ
1482 615 1552 662 τὸν
1579 618 1624 659 ἐν
1644 616 1744 659 Ἀν-

299 688 457 743 τιοχείᾳ
484 686 815 740 προκαθήμενον,
845 685 916 726 τόν
943 699 985 726 τε
1009 683 1109 725 κατὰ
1142 684 1295 737 κόσμον
1325 686 1396 725 καί
1421 681 1494 724 τὸν
1522 683 1743 738 ἐκκλησια-

299 756 474 805 στικαῖς,
505 748 622 794 ἄλλοι
668 752 714 793 δὲ
741 749 815 792 τὸν
849 752 894 792 ἐν
933 749 1237 803 Ἱεροσολύμοις
1275 750 1476 804 ζηλοῦντα
1516 750 1744 802 βασιλικῶς

300 819 405 874 ὑπὲρ
443 820 520 860 τοῦ
553 819 693 859 καλοῦ.
752 813 978 871 ὦφειλέτην
1019 816 1064 856 δὲ
1096 810 1179 868 ἄρα
1214 813 1286 856 καί
1327 812 1457 856 τούτω
1484 811 1540 856 τώ
1570 808 1819 868 &exon-210*

301 885 438 940 ὀρθὴν
459 882 623 939 οἷγοὶπην
649 883 722 924 καί
749 884 990 937 ἐπικουρίαν
1015 881 1123 935 μετὰ
1153 879 1227 922 τόν
1245 878 1455 934 Μανουὴλ
1486 881 1742 936 ἀδικουμένῳ

299 952 355 1007 τῷ
383 949 461 1006 υἱῷ
505 951 682 1007 Ἀλεξίῳ.
750 948 793 990 αἱ
841 950 887 989 δὲ
929 949 1241 1002 ἐντρεχέστεραι
1280 949 1363 988 τῶν
1389 947 1620 999 πρεσβειῶν
1648 945 1745 1000 περὶ

299 1016 351 1059 τά
382 1020 478 1058 καθ’
506 1013 687 1069 ἑσπέραν
720 1017 989 1067 ἐξετελοῦντο,
1030 1016 1102 1055 καί
1129 1011 1336 1063 ἐλιτᾰζετο
1369 1011 1474 1067 πρὸς
1504 1013 1582 1064 μὲν
1609 1012 1690 1052 τῶν
1719 1010 1743 1052 ὁ

299 1084 380 1125 τῶν
425 1085 470 1125 ἐν
515 1080 674 1138 μεγάλῃ
707 1078 846 1137 Ῥώμῃ
876 1081 1190 1135 ζάρχιερατικῶς
1231 1076 1467 1134 ὗπερεστώς
1502 1078 1576 1118 καί
1615 1075 1659 1119 εἴ
1686 1092 1746 1125 τις

299 1145 423 1198 ἄλλος
451 1151 549 1203 παρ’
573 1149 685 1204 αύτῷ
714 1149 783 1188 καί
814 1151 899 1187 κατ’
926 1145 1054 1188 αὐτὸν
1080 1143 1376 1200 ἰσχύωνῑπρός
1408 1146 1453 1185 δὲ
1480 1145 1560 1185 τῶν
1587 1142 1608 1184 ὅ
1634 1144 1804 1195 sep-15

298 1213 470 1266 μανικὸς
504 1212 734 1270 φύλαρχος.
814 1212 988 1264 αἰχλεῖτο
1033 1213 1079 1252 δὲ
1120 1211 1429 1265 πρεσβευτικῶς
1465 1211 1538 1250 καί
1564 1208 1586 1249 ὅ
1614 1207 1742 1257 πολύς

298 1280 371 1335 τὴν
401 1279 590 1330 ἐξουσίαν
620 1277 858 1332 Ἀλαμανός.
918 1278 990 1317 καί
1014 1277 1114 1317 οὐδὲ
1140 1274 1160 1317 ὃ
1190 1277 1414 1330 μαρκέσιος
1441 1271 1580 1331 ἡσυχῇ
1604 1275 1742 1326 μένειν

300 1346 461 1401 ἀφίετο,
492 1344 681 1396 καθάπερ
713 1345 809 1384 οὐδὲ
842 1342 862 1383 ὃ
894 1343 967 1396 τῆς
1001 1343 1210 1396 Ου’γγρίας
1237 1338 1389 1395 κράλνης
1413 1341 1484 1380 καί
1512 1337 1558 1388 ὃς
1589 1341 1635 1381 δὲ
1665 1333 1743 1380 ὅλ-

306 1417 374 1461 λος
401 1409 577 1465 ἰσχυρὸς
619 1412 840 1463 περίοικος.
912 1411 984 1449 καί
1010 1405 1137 1462 ὅλως,
1166 1405 1268 1448 ἔνθα
1296 1404 1535 1460 περιήγησις
1567 1401 1765 1460 οἷρχικαῖνμ

308 1478 535 1531 ὀνομάτων,
568 1479 655 1518 ἐκεῖ
681 1478 910 1528 α’πὲβλεπεν
939 1474 1081 1523 αὐτοῖς
1118 1470 1164 1514 τὸ
1197 1472 1393 1525 δεόμενον
1416 1473 1487 1525 τῆς
1514 1473 1657 1526 ψυχῆς
1682 1470 1808 1520 xai20

312 1543 350 1586 οἱ
378 1544 502 1592 πόδες
531 1543 680 1584 αὐτίκα
719 1540 912 1597 ἔτρεχον,
958 1541 1030 1582 καί
1058 1539 1082 1594 ἦ
1110 1541 1276 1593 γλῶσσα
1311 1536 1448 1580 ἐλάλει
1493 1535 1565 1578 καὶ
1589 1535 1752 1590 ἐνήργει

313 1610 416 1666 πρὸς
444 1609 590 1651 πειθώ.

426 1676 629 1718 Μάλιστα
671 1676 717 1715 δὲ
758 1673 949 1716 τοιούτου
990 1669 1192 1726 ἐπειράθη
1234 1666 1360 1723 ὄχλου
1407 1667 1427 1710 ὅ
1460 1670 1541 1712 τῶν
1571 1670 1752 1711 Σικελῶν
1807 1690 1810 1692 ·

317 1855 411 1889 pum,
444 1854 530 1888 quos
561 1841 780 1875 Andronicus
815 1839 1000 1885 suppliciis
1037 1840 1226 1878 affecerat,
1267 1835 1470 1870 domestici:
1510 1835 1546 1867 hi
1573 1835 1680 1878 igitur
1717 1839 1753 1867 et

319 1892 348 1924 si
383 1891 444 1936 qui
480 1890 543 1922 alii
583 1890 621 1922 in
663 1889 740 1933 pari
765 1888 906 1920 miseria
931 1891 1051 1926 erant,
1088 1889 1339 1918 converterunt
1376 1895 1414 1916 se
1452 1881 1497 1915 ad
1527 1882 1657 1915 multos
1689 1892 1753 1914 eo-

320 1950 408 1978 rum,
434 1939 495 1983 qui
514 1947 597 1982 prae
626 1937 751 1968 ceteris
767 1933 966 1979 pollebant,
991 1933 1035 1965 ad
1053 1933 1224 1966 orientem
1243 1943 1317 1963 non
1340 1931 1467 1969 miuus,
1495 1939 1601 1974 quam
1619 1927 1664 1960 ad
1689 1939 1751 1960 oc-

319 1984 507 2018 cidentem.
567 1983 629 2015 alii
665 1982 849 2014 Sultanem
883 1980 1046 2024 inprimis
1083 1979 1343 2018 sollicitarunt,
1378 1975 1652 2021 praetendentes
1675 1985 1752 2007 mo-

319 2030 426 2065 vendi
467 2029 611 2075 pudoris
656 2039 759 2061 causa
803 2034 951 2061 mortem
1000 2028 1222 2059 immaturam
1257 2023 1479 2069 imperatoris
1521 2022 1659 2061 Alexii,
1697 2022 1752 2053 cui

319 2083 466 2124 propter
488 2083 625 2122 patrem
648 2075 850 2108 Manuelem
883 2074 988 2107 fidem
1028 2073 1182 2107 debebat
1214 2083 1274 2104 rex
1299 2074 1556 2113 Agarenorum3
1596 2069 1658 2101 alii
1680 2071 1755 2101 An-

321 2125 567 2159 tiochenorum
598 2123 795 2167 principem
832 2128 906 2155 tum
941 2121 1081 2154 civilem
1111 2125 1185 2153 tum
1213 2117 1506 2157 ecclesiasticum,
1545 2116 1617 2148 alii·
1634 2126 1753 2148 rursus

323 2183 427 2213 eum,
452 2171 514 2216 qui
540 2169 797 2213 Hierosolymis
826 2168 931 2201 modo
969 2169 1063 2212 regio
1092 2165 1286 2205 tutabatur,
1313 2163 1410 2209 quod
1436 2163 1490 2196 ius
1516 2163 1642 2209 sasque
1667 2168 1753 2195 erat.

324 2219 507 2253 debebant
532 2217 626 2250 enim
652 2216 690 2248 hi
718 2227 863 2262 quoque
892 2215 1070 2260 principes
1094 2213 1226 2246 bonam
1251 2210 1356 2244 fidem
1382 2221 1558 2255 opemque
1583 2214 1665 2255 post
1678 2209 1756 2242 Ma-

322 2267 466 2300 nuelem
491 2261 622 2297 afflicto
649 2263 724 2296 filio
749 2263 825 2296 eius
851 2262 989 2295 Alexio.
1020 2262 1058 2295 in
1083 2260 1203 2305 primis
1227 2264 1343 2292 autem
1361 2258 1509 2302 impigre
1534 2256 1667 2289 auxilia
1691 2266 1756 2300 per

323 2312 542 2347 occidentem
581 2310 804 2355 petebantur.
876 2309 919 2341 ab
954 2309 1033 2341 aliis
1062 2306 1224 2353 pontifex
1249 2308 1422 2339 Romanus
1455 2305 1626 2337 maximus
1665 2308 1701 2335 et
1727 2303 1757 2335 si

323 2361 401 2407 quis
423 2371 501 2392 cum
524 2358 588 2390 illo
613 2358 672 2390 vel
704 2368 768 2402 per
800 2356 902 2389 illum
933 2357 1023 2388 alius
1051 2353 1234 2400 pollebat,
1258 2352 1302 2384 ab
1327 2353 1404 2384 aliis
1430 2350 1500 2384 dux
1534 2355 1570 2384 et
1592 2350 1756 2395 princeps

324 2410 580 2441 Germanorum
605 2404 806 2448 rogabatur.
832 2402 1094 2436 sollicitabatur
1124 2401 1231 2433 etiam
1256 2398 1496 2442 legationibus
1520 2407 1666 2440 magnae
1689 2407 1759 2440 po-

325 2454 457 2488 tentiae
483 2453 646 2498 princeps
671 2451 903 2492 Alemannus3
937 2461 1003 2483 nec
1037 2459 1118 2481 vero
1153 2446 1348 2479 marchioni
1387 2446 1545 2490 quietem
1585 2441 1760 2476 concedo-

326 2502 433 2541 hant,
471 2504 532 2532 aut
566 2498 651 2532 crali
686 2499 928 2542 Hungarorum
967 2502 1003 2529 et
1042 2497 1070 2528 si
1112 2495 1190 2540 quis
1238 2494 1327 2525 alius
1372 2493 1409 2525 in
1449 2493 1491 2524 iis
1526 2490 1757 2536 finibusflpo—

325 2554 404 2580 tens
437 2552 523 2580 erat.
582 2545 725 2578 omnino
761 2545 964 2589 ubicunque
1004 2542 1146 2575 nomina
1184 2540 1394 2586 principalia
1429 2537 1688 2576 audiebantur,
1715 2547 1758 2568 eo

326 2596 398 2628 illis
423 2594 574 2638 supplex
596 2597 731 2626 vertere
756 2592 915 2631 animus,
948 2596 1055 2635 atque
1082 2588 1188 2634 pedes
1225 2597 1425 2632 properare,
1452 2597 1492 2618 ac
1513 2585 1634 2628 lingua
1657 2583 1759 2627 loqui

324 2647 363 2674 et
388 2641 546 2674 suadere.

418 2688 570 2721 Maxime
599 2691 717 2720 autem
742 2684 785 2717 ab
814 2683 879 2716 hac
908 2683 1013 2717 turba
1047 2680 1252 2715 tentabatur
1277 2680 1477 2713 Siculorum
1504 2678 1576 2712 sive
1601 2687 1661 2710 rex
1685 2676 1759 2709 sive.
