<?xml version="1.0" encoding="UTF-8"?>
<!DOCTYPE html PUBLIC "-//W3C//DTD XHTML 1.0 Transitional//EN"
    "http://www.w3.org/TR/xhtml1/DTD/xhtml1-transitional.dtd">
<html xmlns="http://www.w3.org/1999/xhtml" xml:lang="en" lang="en">
 <head>
  <title>
</title>
<meta http-equiv="Content-Type" content="text/html;charset=utf-8" />
  <meta name='ocr-system' content='tesseract 3.04.00' />
  <meta name='ocr-capabilities' content='ocr_page ocr_carea ocr_par ocr_line ocrx_word'/>
</head>
<body>
  <div class='ocr_page' id='page_1' title='image "./corpusscriptorum34niebuoft/corpusscriptorum34niebuoft_0373.png"; bbox 0 0 1838 3132; ppageno 0'>
   <div class='ocr_carea' id='block_1_1' title="bbox 550 118 1570 168">
    <p class='ocr_par' dir='ltr' id='par_1_1' title="bbox 550 118 1570 168">
     <span class='ocr_line' id='line_1_1' title="bbox 550 118 1570 168; baseline -0.002 -1"><span class='ocrx_word' id='word_1_1' title='bbox 550 125 623 167; x_wconf 90' lang='lat' dir='ltr'>DE</span> <span class='ocrx_word' id='word_1_2' title='bbox 659 124 836 168; x_wconf 88' lang='lat' dir='ltr'><strong>LEONE</strong></span> <span class='ocrx_word' id='word_1_3' title='bbox 874 123 1092 168; x_wconf 77' lang='lat' dir='ltr'>BARDAE</span> <span class='ocrx_word' id='word_1_4' title='bbox 1115 126 1162 167; x_wconf 76' lang='lat' dir='ltr'>F.</span> <span class='ocrx_word' id='word_1_5' title='bbox 1477 118 1570 166; x_wconf 83' lang='lat'>361</span> 
     </span>
    </p>
   </div>
   <div class='ocr_carea' id='block_1_2' title="bbox 74 221 1683 1676">
    <p class='ocr_par' dir='ltr' id='par_1_2' title="bbox 127 221 1578 480">
     <span class='ocr_line' id='line_1_2' title="bbox 127 221 1577 282; baseline -0.005 -12"><span class='ocrx_word' id='word_1_6' title='bbox 127 223 321 270; x_wconf 76' lang='grc' dir='ltr'>σαλεύειν</span> <span class='ocrx_word' id='word_1_7' title='bbox 351 223 504 280; x_wconf 61' lang='grc' dir='ltr'><strong><em>αὐτήν·</em></strong></span> <span class='ocrx_word' id='word_1_8' title='bbox 562 223 663 278; x_wconf 81' lang='grc' dir='ltr'><strong><em>ὅπερ</em></strong></span> <span class='ocrx_word' id='word_1_9' title='bbox 696 224 719 268; x_wconf 80' lang='grc' dir='ltr'><strong><em>ὅ</em></strong></span> <span class='ocrx_word' id='word_1_10' title='bbox 751 221 897 275; x_wconf 73' lang='grc' dir='ltr'><strong><em>ἄθλιος</em></strong></span> <span class='ocrx_word' id='word_1_11' title='bbox 934 228 1009 266; x_wconf 88' lang='grc' dir='ltr'><strong><em>ου“κ</em></strong></span> <span class='ocrx_word' id='word_1_12' title='bbox 1046 224 1263 282; x_wconf 79' lang='grc' dir='ltr'><strong><em>ἐφύλαξεν.</em></strong></span> <span class='ocrx_word' id='word_1_13' title='bbox 1330 222 1405 267; x_wconf 75' lang='grc' dir='ltr'><strong><em>καὶ.</em></strong></span> <span class='ocrx_word' id='word_1_14' title='bbox 1432 222 1577 266; x_wconf 82' lang='grc' dir='ltr'><strong><em>λοιπόν</em></strong></span> 
     </span>
     <span class='ocr_line' id='line_1_3' title="bbox 129 289 1576 347; baseline -0.003 -13"><span class='ocrx_word' id='word_1_15' title='bbox 129 290 442 347; x_wconf 80' lang='grc' dir='ltr'><strong><em>α’ναγνώσαντες</em></strong></span> <span class='ocrx_word' id='word_1_16' title='bbox 481 291 551 334; x_wconf 86' lang='grc' dir='ltr'>τὸν</span> <span class='ocrx_word' id='word_1_17' title='bbox 587 293 712 345; x_wconf 88' lang='grc' dir='ltr'><strong><em>τόμον</em></strong></span> <span class='ocrx_word' id='word_1_18' title='bbox 752 289 796 333; x_wconf 79' lang='grc' dir='ltr'>ὃν</span> <span class='ocrx_word' id='word_1_19' title='bbox 823 294 1023 347; x_wconf 75' lang='grc' dir='ltr'><strong><em>ἐποίησαν</em></strong></span> <span class='ocrx_word' id='word_1_20' title='bbox 1071 290 1110 333; x_wconf 85' lang='grc' dir='ltr'><strong><em>οἱ</em></strong></span> <span class='ocrx_word' id='word_1_21' title='bbox 1137 294 1208 333; x_wconf 85' lang='grc' dir='ltr'>τοῦ</span> <span class='ocrx_word' id='word_1_22' title='bbox 1235 289 1576 346; x_wconf 81' lang='grc' dir='ltr'><strong><em>ψευδοσυλλόγου</em></strong></span> 
     </span>
     <span class='ocr_line' id='line_1_4' title="bbox 128 354 1578 414; baseline -0.003 -13"><span class='ocrx_word' id='word_1_23' title='bbox 128 362 435 414; x_wconf 79' lang='grc' dir='ltr'><strong><em>προασπισταί,</em></strong></span> <span class='ocrx_word' id='word_1_24' title='bbox 480 358 525 400; x_wconf 80' lang='grc' dir='ltr'>ὃν</span> <span class='ocrx_word' id='word_1_25' title='bbox 551 359 830 412; x_wconf 77' lang='grc' dir='ltr'>ἐπωνόμασαν</span> <span class='ocrx_word' id='word_1_26' title='bbox 869 354 966 412; x_wconf 78' lang='grc' dir='ltr'><strong><em>ὅρον</em></strong></span> <span class='ocrx_word' id='word_1_27' title='bbox 992 359 1062 413; x_wconf 81' lang='grc' dir='ltr'>τῆς</span> <span class='ocrx_word' id='word_1_28' title='bbox 1089 355 1268 413; x_wconf 75' lang='grc' dir='ltr'><strong><em>ἑβδόμης</em></strong></span> <span class='ocrx_word' id='word_1_29' title='bbox 1297 355 1475 399; x_wconf 77' lang='grc' dir='ltr'>συνόδου</span> <span class='ocrx_word' id='word_1_30' title='bbox 1504 355 1578 407; x_wconf 79' lang='grc' dir='ltr'>τῆς</span> 
     </span>
     <span class='ocr_line' id='line_1_5' title="bbox 130 419 1578 480; baseline -0.002 -13"><span class='ocrx_word' id='word_1_31' title='bbox 130 427 174 468; x_wconf 76' lang='grc' dir='ltr'>έν</span> <span class='ocrx_word' id='word_1_32' title='bbox 188 427 467 480; x_wconf 85' lang='grc' dir='ltr'><strong><em>Βλαχέρναις,</em></strong></span> <span class='ocrx_word' id='word_1_33' title='bbox 494 425 873 478; x_wconf 78' lang='grc' dir='ltr'><strong><em>α’ναθεματίσαντες</em></strong></span> <span class='ocrx_word' id='word_1_34' title='bbox 911 422 951 466; x_wconf 81' lang='grc' dir='ltr'><strong><em>οἱ</em></strong></span> <span class='ocrx_word' id='word_1_35' title='bbox 979 426 1056 466; x_wconf 77' lang='grc' dir='ltr'>τοῦ</span> <span class='ocrx_word' id='word_1_36' title='bbox 1089 426 1349 477; x_wconf 75' lang='grc' dir='ltr'><strong><em>ἀναθέματος</em></strong></span> <span class='ocrx_word' id='word_1_37' title='bbox 1377 419 1578 478; x_wconf 82' lang='grc' dir='ltr'><strong><em>κληρονό-</em></strong></span> 
     </span>
    </p>

    <p class='ocr_par' dir='ltr' id='par_1_3' title="bbox 94 487 1648 812">
     <span class='ocr_line' id='line_1_6' title="bbox 94 487 1577 547; baseline -0.002 -15"><span class='ocrx_word' id='word_1_38' title='bbox 94 498 118 532; x_wconf 84' lang='grc'>5</span> <span class='ocrx_word' id='word_1_39' title='bbox 127 507 201 545; x_wconf 80' lang='grc' dir='ltr'>μοι</span> <span class='ocrx_word' id='word_1_40' title='bbox 229 490 327 540; x_wconf 82' lang='grc' dir='ltr'>τούς</span> <span class='ocrx_word' id='word_1_41' title='bbox 355 490 608 547; x_wconf 79' lang='grc' dir='ltr'><strong><em>ὀρθοδόξους</em></strong></span> <span class='ocrx_word' id='word_1_42' title='bbox 630 490 750 545; x_wconf 69' lang='grc' dir='ltr'><strong><em>ἡμῶν</em></strong></span> <span class='ocrx_word' id='word_1_43' title='bbox 780 491 1064 546; x_wconf 79' lang='grc' dir='ltr'><strong><em>πατριάρχας,</em></strong></span> <span class='ocrx_word' id='word_1_44' title='bbox 1097 487 1248 547; x_wconf 78' lang='grc' dir='ltr'><strong><em>ἤγαγον</em></strong></span> <span class='ocrx_word' id='word_1_45' title='bbox 1278 492 1324 532; x_wconf 80' lang='grc' dir='ltr'>δέ</span> <span class='ocrx_word' id='word_1_46' title='bbox 1353 505 1466 538; x_wconf 84' lang='grc' dir='ltr'><strong><em>τινας</em></strong></span> <span class='ocrx_word' id='word_1_47' title='bbox 1491 504 1577 542; x_wconf 86' lang='grc' dir='ltr'>μη-</span> 
     </span>
     <span class='ocr_line' id='line_1_7' title="bbox 129 551 1578 612; baseline -0.001 -14"><span class='ocrx_word' id='word_1_48' title='bbox 129 560 377 612; x_wconf 84' lang='grc' dir='ltr'><strong><em>τροπολίτας</em></strong></span> <span class='ocrx_word' id='word_1_49' title='bbox 404 555 477 599; x_wconf 80' lang='grc' dir='ltr'><em>καί</em></span> <span class='ocrx_word' id='word_1_50' title='bbox 504 556 755 606; x_wconf 81' lang='grc' dir='ltr'><strong><em>ἐπισκόπους</em></strong></span> <span class='ocrx_word' id='word_1_51' title='bbox 780 558 862 598; x_wconf 83' lang='grc' dir='ltr'>τῶν</span> <span class='ocrx_word' id='word_1_52' title='bbox 881 555 1118 611; x_wconf 80' lang='grc' dir='ltr'><strong><em>ὄρθοδόξων</em></strong></span> <span class='ocrx_word' id='word_1_53' title='bbox 1147 558 1402 610; x_wconf 79' lang='grc' dir='ltr'><strong><em>τυραννικῶς</em></strong></span> <span class='ocrx_word' id='word_1_54' title='bbox 1426 551 1578 608; x_wconf 74' lang='grc' dir='ltr'><strong><em>’σῦρον-</em></strong></span> 
     </span>
     <span class='ocr_line' id='line_1_8' title="bbox 130 621 1578 681; baseline -0.001 -17"><span class='ocrx_word' id='word_1_55' title='bbox 130 638 212 676; x_wconf 88' lang='grc' dir='ltr'><strong><em>τες,</em></strong></span> <span class='ocrx_word' id='word_1_56' title='bbox 240 622 434 679; x_wconf 76' lang='grc' dir='ltr'><strong><em>ῥήξαντες</em></strong></span> <span class='ocrx_word' id='word_1_57' title='bbox 462 624 507 664; x_wconf 80' lang='grc' dir='ltr'>ἑν</span> <span class='ocrx_word' id='word_1_58' title='bbox 533 624 647 681; x_wconf 76' lang='grc' dir='ltr'><strong><em>μέσῳ</em></strong></span> <span class='ocrx_word' id='word_1_59' title='bbox 675 624 746 677; x_wconf 79' lang='grc' dir='ltr'>τῆς</span> <span class='ocrx_word' id='word_1_60' title='bbox 777 625 997 680; x_wconf 82' lang='grc' dir='ltr'>λῃστρικῆς</span> <span class='ocrx_word' id='word_1_61' title='bbox 1025 625 1163 666; x_wconf 72' lang='grc' dir='ltr'><strong><em>αὐτῶν</em></strong></span> <span class='ocrx_word' id='word_1_62' title='bbox 1189 622 1392 675; x_wconf 77' lang='grc' dir='ltr'>συνόδου,</span> <span class='ocrx_word' id='word_1_63' title='bbox 1422 621 1578 676; x_wconf 78' lang='grc' dir='ltr'><strong><em>ἐπάτη-</em></strong></span> 
     </span>
     <span class='ocr_line' id='line_1_9' title="bbox 129 685 1579 745; baseline -0.002 -13"><span class='ocrx_word' id='word_1_64' title='bbox 129 705 223 745; x_wconf 79' lang='grc' dir='ltr'><strong><em>σαν,</em></strong></span> <span class='ocrx_word' id='word_1_65' title='bbox 250 689 306 740; x_wconf 75' lang='grc' dir='ltr'>ὥς</span> <span class='ocrx_word' id='word_1_66' title='bbox 329 691 458 744; x_wconf 76' lang='grc' dir='ltr'><strong><em>δήθέν</em></strong></span> <span class='ocrx_word' id='word_1_67' title='bbox 498 705 536 731; x_wconf 87' lang='grc' dir='ltr'>τι</span> <span class='ocrx_word' id='word_1_68' title='bbox 565 690 732 743; x_wconf 72' lang='grc' dir='ltr'><strong><em>εὐσεβὲς</em></strong></span> <span class='ocrx_word' id='word_1_69' title='bbox 769 692 982 739; x_wconf 81' lang='grc' dir='ltr'><strong><em>ποιοῦντες</em></strong></span> <span class='ocrx_word' id='word_1_70' title='bbox 1010 690 1049 731; x_wconf 84' lang='grc' dir='ltr'><strong><em>οἱ</em></strong></span> <span class='ocrx_word' id='word_1_71' title='bbox 1081 690 1258 743; x_wconf 77' lang='grc' dir='ltr'><strong><em>ἀσεβεῖς,</em></strong></span> <span class='ocrx_word' id='word_1_72' title='bbox 1287 688 1359 729; x_wconf 77' lang='grc' dir='ltr'>καί</span> <span class='ocrx_word' id='word_1_73' title='bbox 1387 685 1579 742; x_wconf 74' lang='grc' dir='ltr'><strong><em>παραδό-</em></strong></span> 
     </span>
     <span class='ocr_line' id='line_1_10' title="bbox 129 754 1648 812; baseline -0.003 -14"><span class='ocrx_word' id='word_1_74' title='bbox 129 771 277 804; x_wconf 86' lang='grc' dir='ltr'><strong><em>σαντες</em></strong></span> <span class='ocrx_word' id='word_1_75' title='bbox 308 754 467 805; x_wconf 68' lang='grc' dir='ltr'><strong><em>αὐτοὺς</em></strong></span> <span class='ocrx_word' id='word_1_76' title='bbox 493 761 582 805; x_wconf 80' lang='grc' dir='ltr'><strong><em>τοῖς</em></strong></span> <span class='ocrx_word' id='word_1_77' title='bbox 608 757 888 808; x_wconf 82' lang='grc' dir='ltr'><strong><em>στρατιώταις</em></strong></span> <span class='ocrx_word' id='word_1_78' title='bbox 909 754 1252 812; x_wconf 75' lang='grc' dir='ltr'><strong><em>αἱματοφύρτους</em></strong></span> <span class='ocrx_word' id='word_1_79' title='bbox 1282 755 1494 809; x_wconf 75' lang='grc' dir='ltr'>ἀπήγαγον</span> <span class='ocrx_word' id='word_1_80' title='bbox 1520 755 1614 803; x_wconf 81' lang='grc' dir='ltr'><strong><em>εἶςΒ</em></strong></span> <span class='ocrx_word' id='word_1_81' title='bbox 1645 759 1648 763; x_wconf 90' lang='grc'>’</span> 
     </span>
    </p>

    <p class='ocr_par' dir='ltr' id='par_1_4' title="bbox 75 820 1581 1145">
     <span class='ocr_line' id='line_1_11' title="bbox 75 820 1579 878; baseline -0.001 -16"><span class='ocrx_word' id='word_1_82' title='bbox 75 827 118 861; x_wconf 86' lang='grc'>10</span> <span class='ocrx_word' id='word_1_83' title='bbox 130 821 206 871; x_wconf 81' lang='grc' dir='ltr'>τοὶς</span> <span class='ocrx_word' id='word_1_84' title='bbox 238 820 429 878; x_wconf 82' lang='grc' dir='ltr'><strong><em>φυλακὰς</em></strong></span> <span class='ocrx_word' id='word_1_85' title='bbox 459 821 531 864; x_wconf 78' lang='grc' dir='ltr'><em>καί</em></span> <span class='ocrx_word' id='word_1_86' title='bbox 554 823 613 871; x_wconf 84' lang='grc' dir='ltr'>εἰς</span> <span class='ocrx_word' id='word_1_87' title='bbox 642 821 692 864; x_wconf 83' lang='grc' dir='ltr'>τοὶ</span> <span class='ocrx_word' id='word_1_88' title='bbox 719 822 1013 878; x_wconf 82' lang='grc' dir='ltr'><strong><em>δεσμωτήρια·</em></strong></span> <span class='ocrx_word' id='word_1_89' title='bbox 1070 820 1316 877; x_wconf 84' lang='grc' dir='ltr'><strong><em>ποιήσαντες</em></strong></span> <span class='ocrx_word' id='word_1_90' title='bbox 1345 822 1392 862; x_wconf 75' lang='grc' dir='ltr'>δὲ</span> <span class='ocrx_word' id='word_1_91' title='bbox 1419 820 1579 875; x_wconf 79' lang='grc' dir='ltr'><strong><em>ἡμέρας</em></strong></span> 
     </span>
     <span class='ocr_line' id='line_1_12' title="bbox 127 885 1580 943; baseline -0.002 -14"><span class='ocrx_word' id='word_1_92' title='bbox 127 887 243 937; x_wconf 73' lang='grc' dir='ltr'><strong><em>τινας</em></strong></span> <span class='ocrx_word' id='word_1_93' title='bbox 284 890 415 929; x_wconf 82' lang='grc' dir='ltr'><strong><em>ἐκεῖσε</em></strong></span> <span class='ocrx_word' id='word_1_94' title='bbox 443 887 569 930; x_wconf 81' lang='grc' dir='ltr'><strong><em>πάλιν</em></strong></span> <span class='ocrx_word' id='word_1_95' title='bbox 594 887 817 943; x_wconf 79' lang='grc' dir='ltr'><strong><em>ἐξήγαγον,</em></strong></span> <span class='ocrx_word' id='word_1_96' title='bbox 858 890 931 930; x_wconf 84' lang='grc' dir='ltr'><em>καί</em></span> <span class='ocrx_word' id='word_1_97' title='bbox 964 887 1256 942; x_wconf 77' lang='grc' dir='ltr'><strong><em>α’νακρίναντες</em></strong></span> <span class='ocrx_word' id='word_1_98' title='bbox 1287 888 1359 929; x_wconf 80' lang='grc' dir='ltr'>καί</span> <span class='ocrx_word' id='word_1_99' title='bbox 1386 885 1580 942; x_wconf 71' lang='grc' dir='ltr'><strong><em>εὑρόντες</em></strong></span> 
     </span>
     <span class='ocr_line' id='line_1_13' title="bbox 127 945 1581 1009; baseline -0.001 -15"><span class='ocrx_word' id='word_1_100' title='bbox 127 952 186 1008; x_wconf 86' lang='grc' dir='ltr'>μή</span> <span class='ocrx_word' id='word_1_101' title='bbox 214 945 488 1007; x_wconf 76' lang='grc' dir='ltr'><strong><em>πειθομένους</em></strong></span> <span class='ocrx_word' id='word_1_102' title='bbox 524 960 611 1004; x_wconf 85' lang='grc' dir='ltr'><strong><em>τοῖς</em></strong></span> <span class='ocrx_word' id='word_1_103' title='bbox 653 954 728 995; x_wconf 70' lang='grc' dir='ltr'><strong><em>ὑπ’</em></strong></span> <span class='ocrx_word' id='word_1_104' title='bbox 770 957 911 997; x_wconf 70' lang='grc' dir='ltr'><strong><em>αὐτῶν</em></strong></span> <span class='ocrx_word' id='word_1_105' title='bbox 951 956 1183 1009; x_wconf 81' lang='grc' dir='ltr'><strong><em>λεγομένοις</em></strong></span> <span class='ocrx_word' id='word_1_106' title='bbox 1226 951 1468 1007; x_wconf 73' lang='grc' dir='ltr'><strong><em>ὕπέμνησαν</em></strong></span> <span class='ocrx_word' id='word_1_107' title='bbox 1508 950 1581 994; x_wconf 80' lang='grc' dir='ltr'>τόν</span> 
     </span>
     <span class='ocr_line' id='line_1_14' title="bbox 127 1017 1580 1076; baseline -0.001 -15"><span class='ocrx_word' id='word_1_108' title='bbox 127 1019 312 1076; x_wconf 78' lang='grc' dir='ltr'><strong><em>α’ρχηγόν</em></strong></span> <span class='ocrx_word' id='word_1_109' title='bbox 347 1021 426 1062; x_wconf 78' lang='grc' dir='ltr'>τοῦ</span> <span class='ocrx_word' id='word_1_110' title='bbox 451 1019 659 1075; x_wconf 80' lang='grc' dir='ltr'><strong><em>ψεύδους,</em></strong></span> <span class='ocrx_word' id='word_1_111' title='bbox 703 1023 776 1063; x_wconf 83' lang='grc' dir='ltr'><em>καί</em></span> <span class='ocrx_word' id='word_1_112' title='bbox 813 1017 1061 1064; x_wconf 71' lang='grc' dir='ltr'><strong><em>ἐπέστειλαν</em></strong></span> <span class='ocrx_word' id='word_1_113' title='bbox 1099 1018 1255 1068; x_wconf 75' lang='grc' dir='ltr'><strong><em>αὐτοῦς</em></strong></span> <span class='ocrx_word' id='word_1_114' title='bbox 1295 1020 1356 1068; x_wconf 87' lang='grc' dir='ltr'>εἰς</span> <span class='ocrx_word' id='word_1_115' title='bbox 1387 1021 1580 1073; x_wconf 78' lang='grc' dir='ltr'><strong><em>ἑξοριάν·</em></strong></span> 
     </span>
     <span class='ocr_line' id='line_1_15' title="bbox 129 1079 1581 1145; baseline -0.001 -19"><span class='ocrx_word' id='word_1_116' title='bbox 129 1082 202 1135; x_wconf 77' lang='grc' dir='ltr'>οῧς</span> <span class='ocrx_word' id='word_1_117' title='bbox 228 1102 346 1135; x_wconf 88' lang='grc' dir='ltr'><strong><em>τινας</em></strong></span> <span class='ocrx_word' id='word_1_118' title='bbox 373 1089 447 1128; x_wconf 79' lang='grc' dir='ltr'><em>καί</em></span> <span class='ocrx_word' id='word_1_119' title='bbox 473 1087 518 1129; x_wconf 78' lang='grc' dir='ltr'>ἐν</span> <span class='ocrx_word' id='word_1_120' title='bbox 547 1090 598 1144; x_wconf 84' lang='grc' dir='ltr'>τῇ</span> <span class='ocrx_word' id='word_1_121' title='bbox 626 1089 766 1145; x_wconf 60' lang='grc' dir='ltr'><strong><em>έξοριζι</em></strong></span> <span class='ocrx_word' id='word_1_122' title='bbox 795 1089 968 1141; x_wconf 85' lang='grc' dir='ltr'><strong><em>πέμπων</em></strong></span> <span class='ocrx_word' id='word_1_123' title='bbox 1014 1086 1272 1140; x_wconf 77' lang='grc' dir='ltr'><strong><em>ἐβασάνιζεν.</em></strong></span> <span class='ocrx_word' id='word_1_124' title='bbox 1329 1086 1469 1128; x_wconf 82' lang='grc' dir='ltr'><strong><em>λοιπὸν</em></strong></span> <span class='ocrx_word' id='word_1_125' title='bbox 1503 1079 1581 1124; x_wconf 69' lang='grc' dir='ltr'>οὖν</span> 
     </span>
    </p>

    <p class='ocr_par' dir='ltr' id='par_1_5' title="bbox 74 1151 1683 1475">
     <span class='ocr_line' id='line_1_16' title="bbox 74 1151 1581 1209; baseline 0 -17"><span class='ocrx_word' id='word_1_126' title='bbox 74 1158 117 1193; x_wconf 84' lang='grc'>15</span> <span class='ocrx_word' id='word_1_127' title='bbox 130 1151 272 1206; x_wconf 79' lang='grc' dir='ltr'><strong><em>λαβών</em></strong></span> <span class='ocrx_word' id='word_1_128' title='bbox 300 1151 345 1195; x_wconf 80' lang='grc' dir='ltr'>τὸ</span> <span class='ocrx_word' id='word_1_129' title='bbox 380 1154 528 1208; x_wconf 79' lang='grc' dir='ltr'><strong><em>κράτος</em></strong></span> <span class='ocrx_word' id='word_1_130' title='bbox 554 1155 624 1208; x_wconf 76' lang='grc' dir='ltr'>τῆς</span> <span class='ocrx_word' id='word_1_131' title='bbox 640 1154 837 1207; x_wconf 84' lang='grc' dir='ltr'><strong><em>α’σεβειάς</em></strong></span> <span class='ocrx_word' id='word_1_132' title='bbox 866 1158 1006 1196; x_wconf 84' lang='grc' dir='ltr'><strong><em>πᾶσαν</em></strong></span> <span class='ocrx_word' id='word_1_133' title='bbox 1027 1152 1214 1209; x_wconf 79' lang='grc' dir='ltr'><strong><em>πονηρὰν</em></strong></span> <span class='ocrx_word' id='word_1_134' title='bbox 1239 1152 1581 1209; x_wconf 76' lang='grc' dir='ltr'><strong><em>ὃραματουργιάν</em></strong></span> 
     </span>
     <span class='ocr_line' id='line_1_17' title="bbox 128 1218 1581 1276; baseline -0.001 -17"><span class='ocrx_word' id='word_1_135' title='bbox 128 1218 358 1273; x_wconf 80' lang='grc' dir='ltr'><strong><em>εἰργάζετο,</em></strong></span> <span class='ocrx_word' id='word_1_136' title='bbox 387 1218 462 1268; x_wconf 76' lang='grc' dir='ltr'>τὰς</span> <span class='ocrx_word' id='word_1_137' title='bbox 490 1221 536 1262; x_wconf 81' lang='grc' dir='ltr'>δὲ</span> <span class='ocrx_word' id='word_1_138' title='bbox 558 1219 817 1274; x_wconf 67' lang='grc' dir='ltr'><strong><em>ἁπανταχοῦ,</em></strong></span> <span class='ocrx_word' id='word_1_139' title='bbox 833 1221 995 1270; x_wconf 83' lang='grc' dir='ltr'><strong><em>εἰκόνας</em></strong></span> <span class='ocrx_word' id='word_1_140' title='bbox 1016 1223 1097 1263; x_wconf 80' lang='grc' dir='ltr'>τῶν</span> <span class='ocrx_word' id='word_1_141' title='bbox 1116 1220 1342 1276; x_wconf 78' lang='grc' dir='ltr'><strong><em>ἐκκλησιῶν</em></strong></span> <span class='ocrx_word' id='word_1_142' title='bbox 1363 1222 1581 1271; x_wconf 84' lang='grc' dir='ltr'><strong><em>κατέστρε.</em></strong></span> 
     </span>
     <span class='ocr_line' id='line_1_18' title="bbox 128 1283 1581 1342; baseline 0.001 -17"><span class='ocrx_word' id='word_1_143' title='bbox 128 1295 210 1336; x_wconf 81' lang='grc' dir='ltr'><strong><em>’ψεν</em></strong></span> <span class='ocrx_word' id='word_1_144' title='bbox 240 1284 312 1326; x_wconf 83' lang='grc' dir='ltr'><em>καί</em></span> <span class='ocrx_word' id='word_1_145' title='bbox 333 1287 598 1338; x_wconf 84' lang='grc' dir='ltr'><strong><em>κατέκαυσεν,</em></strong></span> <span class='ocrx_word' id='word_1_146' title='bbox 625 1290 697 1328; x_wconf 86' lang='grc' dir='ltr'><strong><em>καί</em></strong></span> <span class='ocrx_word' id='word_1_147' title='bbox 730 1285 824 1342; x_wconf 81' lang='grc' dir='ltr'><strong><em>ἱεροὶ</em></strong></span> <span class='ocrx_word' id='word_1_148' title='bbox 854 1288 984 1342; x_wconf 71' lang='grc' dir='ltr'><strong><em>σκεύη</em></strong></span> <span class='ocrx_word' id='word_1_149' title='bbox 1011 1289 1261 1341; x_wconf 79' lang='grc' dir='ltr'><strong><em>συνέτριψεν</em></strong></span> <span class='ocrx_word' id='word_1_150' title='bbox 1292 1285 1444 1341; x_wconf 79' lang='grc' dir='ltr'><strong><em>ἔχοντα</em></strong></span> <span class='ocrx_word' id='word_1_151' title='bbox 1469 1283 1581 1327; x_wconf 83' lang='grc' dir='ltr'><strong><em>εἰκό-</em></strong></span> 
     </span>
     <span class='ocr_line' id='line_1_19' title="bbox 130 1350 1583 1408; baseline 0.001 -16"><span class='ocrx_word' id='word_1_152' title='bbox 130 1366 217 1404; x_wconf 89' lang='grc' dir='ltr'><strong><em>νας,</em></strong></span> <span class='ocrx_word' id='word_1_153' title='bbox 248 1351 320 1393; x_wconf 85' lang='grc' dir='ltr'><em>καί</em></span> <span class='ocrx_word' id='word_1_154' title='bbox 351 1351 449 1402; x_wconf 73' lang='grc' dir='ltr'>τούς</span> <span class='ocrx_word' id='word_1_155' title='bbox 478 1353 719 1405; x_wconf 73' lang='grc' dir='ltr'><strong><em>τολμῶντας</em></strong></span> <span class='ocrx_word' id='word_1_156' title='bbox 749 1354 934 1408; x_wconf 79' lang='grc' dir='ltr'><strong><em>λαλῆσαί</em></strong></span> <span class='ocrx_word' id='word_1_157' title='bbox 957 1371 999 1395; x_wconf 87' lang='grc' dir='ltr'>τι</span> <span class='ocrx_word' id='word_1_158' title='bbox 1038 1353 1400 1408; x_wconf 84' lang='grc' dir='ltr'><strong><em>έγλωσσοκόπησεν</em></strong></span> <span class='ocrx_word' id='word_1_159' title='bbox 1418 1368 1429 1381; x_wconf 91' lang='grc'><em>·</em></span> <span class='ocrx_word' id='word_1_160' title='bbox 1485 1350 1583 1400; x_wconf 73' lang='grc' dir='ltr'><strong><em>τοὺς</em></strong></span> 
     </span>
     <span class='ocr_line' id='line_1_20' title="bbox 130 1417 1683 1475; baseline 0.001 -16"><span class='ocrx_word' id='word_1_161' title='bbox 130 1420 208 1471; x_wconf 84' lang='grc' dir='ltr'>μὲν</span> <span class='ocrx_word' id='word_1_162' title='bbox 237 1417 464 1474; x_wconf 78' lang='grc' dir='ltr'><strong><em>ἐφόνευσεν</em></strong></span> <span class='ocrx_word' id='word_1_163' title='bbox 493 1417 574 1460; x_wconf 69' lang='lat' dir='ltr'>dud</span> <span class='ocrx_word' id='word_1_164' title='bbox 620 1421 798 1475; x_wconf 76' lang='grc' dir='ltr'><strong><em>ὃαρμοῦ,</em></strong></span> <span class='ocrx_word' id='word_1_165' title='bbox 839 1420 1100 1475; x_wconf 87' lang='grc' dir='ltr'><strong><em>καταστήσας</em></strong></span> <span class='ocrx_word' id='word_1_166' title='bbox 1138 1421 1210 1462; x_wconf 79' lang='grc' dir='ltr'>καὶ</span> <span class='ocrx_word' id='word_1_167' title='bbox 1249 1417 1480 1475; x_wconf 80' lang='grc' dir='ltr'><strong><em>δηλοίτορας</em></strong></span> <span class='ocrx_word' id='word_1_168' title='bbox 1511 1418 1623 1461; x_wconf 70' lang='lat' dir='ltr'><em>clv-C</em></span> <span class='ocrx_word' id='word_1_169' title='bbox 1680 1473 1683 1475; x_wconf 17' lang='grc' dir='ltr'><em>Β</em></span> 
     </span>
    </p>

    <p class='ocr_par' dir='ltr' id='par_1_6' title="bbox 74 1482 1585 1676">
     <span class='ocr_line' id='line_1_21' title="bbox 74 1482 1584 1542; baseline 0.001 -18"><span class='ocrx_word' id='word_1_170' title='bbox 74 1489 120 1524; x_wconf 83' lang='lat'>20</span> <span class='ocrx_word' id='word_1_171' title='bbox 134 1483 331 1539; x_wconf 75' lang='grc' dir='ltr'><strong><em>θρώπους</em></strong></span> <span class='ocrx_word' id='word_1_172' title='bbox 361 1487 547 1542; x_wconf 82' lang='grc' dir='ltr'><strong><em>α’σεβεῖς,</em></strong></span> <span class='ocrx_word' id='word_1_173' title='bbox 584 1485 653 1527; x_wconf 76' lang='grc' dir='ltr'>ἵνα</span> <span class='ocrx_word' id='word_1_174' title='bbox 681 1482 787 1527; x_wconf 78' lang='grc' dir='ltr'><strong><em>ὅπου</em></strong></span> <span class='ocrx_word' id='word_1_175' title='bbox 827 1485 880 1528; x_wconf 72' lang='grc' dir='ltr'>ἂν</span> <span class='ocrx_word' id='word_1_176' title='bbox 919 1483 1082 1541; x_wconf 82' lang='grc' dir='ltr'><strong><em>εὖ’ρωσι’</em></strong></span> <span class='ocrx_word' id='word_1_177' title='bbox 1105 1502 1224 1535; x_wconf 85' lang='grc' dir='ltr'><strong><em>τινας</em></strong></span> <span class='ocrx_word' id='word_1_178' title='bbox 1249 1484 1307 1541; x_wconf 83' lang='grc' dir='ltr'>μή</span> <span class='ocrx_word' id='word_1_179' title='bbox 1339 1484 1584 1526; x_wconf 78' lang='grc' dir='ltr'><strong><em>κοινωνοῦν-</em></strong></span> 
     </span>
     <span class='ocr_line' id='line_1_22' title="bbox 130 1549 1583 1609; baseline -0.001 -17"><span class='ocrx_word' id='word_1_180' title='bbox 130 1566 204 1599; x_wconf 89' lang='grc' dir='ltr'>τας</span> <span class='ocrx_word' id='word_1_181' title='bbox 232 1550 589 1606; x_wconf 81' lang='grc' dir='ltr'><strong><em>καταμηνύσωσιν.</em></strong></span> <span class='ocrx_word' id='word_1_182' title='bbox 663 1549 737 1600; x_wconf 73' lang='grc' dir='ltr'>οὕς</span> <span class='ocrx_word' id='word_1_183' title='bbox 766 1568 885 1602; x_wconf 86' lang='grc' dir='ltr'><strong><em>τινας</em></strong></span> <span class='ocrx_word' id='word_1_184' title='bbox 923 1550 1247 1607; x_wconf 76' lang='grc' dir='ltr'><strong><em>εὑρισκομένους</em></strong></span> <span class='ocrx_word' id='word_1_185' title='bbox 1282 1553 1429 1609; x_wconf 77' lang='grc' dir='ltr'><strong><em>δαρμῷ</em></strong></span> <span class='ocrx_word' id='word_1_186' title='bbox 1471 1551 1583 1607; x_wconf 61' lang='lat' dir='ltr'>‹inpo-</span> 
     </span>
     <span class='ocr_line' id='line_1_23' title="bbox 130 1616 1585 1676; baseline 0.001 -18"><span class='ocrx_word' id='word_1_187' title='bbox 130 1618 237 1676; x_wconf 76' lang='grc' dir='ltr'><strong><em>ρήτῳ</em></strong></span> <span class='ocrx_word' id='word_1_188' title='bbox 265 1621 603 1675; x_wconf 80' lang='grc' dir='ltr'><strong><em>καθυπέβαλλεν,</em></strong></span> <span class='ocrx_word' id='word_1_189' title='bbox 633 1617 825 1675; x_wconf 79' lang='grc' dir='ltr'><strong><em>δήμεὺων</em></strong></span> <span class='ocrx_word' id='word_1_190' title='bbox 854 1621 926 1662; x_wconf 81' lang='grc' dir='ltr'>καί</span> <span class='ocrx_word' id='word_1_191' title='bbox 951 1618 1026 1670; x_wconf 82' lang='grc' dir='ltr'>τὰς</span> <span class='ocrx_word' id='word_1_192' title='bbox 1051 1616 1303 1670; x_wconf 71' lang='grc' dir='ltr'><strong><em>ὑποστάσεις</em></strong></span> <span class='ocrx_word' id='word_1_193' title='bbox 1331 1619 1484 1671; x_wconf 69' lang='grc' dir='ltr'><strong><em>αὐτῶν,</em></strong></span> <span class='ocrx_word' id='word_1_194' title='bbox 1511 1616 1585 1660; x_wconf 84' lang='grc' dir='ltr'><strong><em>καί</em></strong></span> 
     </span>
    </p>
   </div>
   <div class='ocr_carea' id='block_1_3' title="bbox 130 1808 1622 2753">
    <p class='ocr_par' dir='ltr' id='par_1_7' title="bbox 130 1808 1622 2753">
     <span class='ocr_line' id='line_1_24' title="bbox 135 1808 1583 1854; baseline 0.002 -15"><span class='ocrx_word' id='word_1_195' title='bbox 135 1818 280 1851; x_wconf 82' lang='lat' dir='ltr'>regnum</span> <span class='ocrx_word' id='word_1_196' title='bbox 305 1813 506 1853; x_wconf 80' lang='lat' dir='ltr'>capesseret</span> <span class='ocrx_word' id='word_1_197' title='bbox 535 1813 571 1842; x_wconf 83' lang='lat' dir='ltr'>et</span> <span class='ocrx_word' id='word_1_198' title='bbox 597 1808 832 1843; x_wconf 75' lang='lat' dir='ltr'>orthodoxam</span> <span class='ocrx_word' id='word_1_199' title='bbox 853 1809 957 1843; x_wconf 82' lang='lat' dir='ltr'>fidem</span> <span class='ocrx_word' id='word_1_200' title='bbox 982 1821 1056 1843; x_wconf 87' lang='lat' dir='ltr'>non</span> <span class='ocrx_word' id='word_1_201' title='bbox 1080 1809 1346 1843; x_wconf 82' lang='lat' dir='ltr'>immutaturum</span> <span class='ocrx_word' id='word_1_202' title='bbox 1373 1819 1410 1841; x_wconf 77' lang='lat' dir='ltr'>se</span> <span class='ocrx_word' id='word_1_203' title='bbox 1434 1809 1583 1854; x_wconf 83' lang='lat' dir='ltr'>profite-</span> 
     </span>
     <span class='ocr_line' id='line_1_25' title="bbox 135 1855 1583 1901; baseline 0.001 -14"><span class='ocrx_word' id='word_1_204' title='bbox 135 1857 252 1895; x_wconf 82' lang='lat' dir='ltr'>retur,</span> <span class='ocrx_word' id='word_1_205' title='bbox 286 1855 383 1900; x_wconf 85' lang='lat' dir='ltr'>quod</span> <span class='ocrx_word' id='word_1_206' title='bbox 424 1855 550 1888; x_wconf 78' lang='lat' dir='ltr'>infelix</span> <span class='ocrx_word' id='word_1_207' title='bbox 581 1855 679 1889; x_wconf 84' lang='lat' dir='ltr'>haud</span> <span class='ocrx_word' id='word_1_208' title='bbox 717 1857 935 1897; x_wconf 85' lang='lat' dir='ltr'>custodivit,</span> <span class='ocrx_word' id='word_1_209' title='bbox 972 1856 1209 1901; x_wconf 81' lang='lat' dir='ltr'>iuramentum</span> <span class='ocrx_word' id='word_1_210' title='bbox 1236 1855 1464 1901; x_wconf 71' lang='lat' dir='ltr'>interposuit.</span> <span class='ocrx_word' id='word_1_211' title='bbox 1515 1855 1583 1889; x_wconf 86' lang='lat' dir='ltr'>hoc</span> 
     </span>
     <span class='ocr_line' id='line_1_26' title="bbox 134 1902 1582 1949; baseline 0.001 -15"><span class='ocrx_word' id='word_1_212' title='bbox 134 1907 239 1947; x_wconf 82' lang='lat' dir='ltr'>pacto</span> <span class='ocrx_word' id='word_1_213' title='bbox 259 1907 392 1935; x_wconf 88' lang='lat' dir='ltr'>tomum</span> <span class='ocrx_word' id='word_1_214' title='bbox 422 1903 524 1936; x_wconf 88' lang='lat' dir='ltr'>illum</span> <span class='ocrx_word' id='word_1_215' title='bbox 539 1914 558 1936; x_wconf 88' lang='lat' dir='ltr'>a</span> <span class='ocrx_word' id='word_1_216' title='bbox 579 1903 845 1947; x_wconf 83' lang='lat' dir='ltr'>pseudosynodi</span> <span class='ocrx_word' id='word_1_217' title='bbox 871 1905 993 1949; x_wconf 78' lang='lat' dir='ltr'>(quam</span> <span class='ocrx_word' id='word_1_218' title='bbox 1012 1906 1184 1949; x_wconf 82' lang='lat' dir='ltr'>septimae</span> <span class='ocrx_word' id='word_1_219' title='bbox 1201 1902 1327 1948; x_wconf 85' lang='lat' dir='ltr'>synodi</span> <span class='ocrx_word' id='word_1_220' title='bbox 1352 1902 1395 1935; x_wconf 85' lang='lat' dir='ltr'>ad</span> <span class='ocrx_word' id='word_1_221' title='bbox 1411 1902 1582 1935; x_wconf 83' lang='lat' dir='ltr'>Blacher-</span> 
     </span>
     <span class='ocr_line' id='line_1_27' title="bbox 134 1948 1584 1997; baseline 0.001 -17"><span class='ocrx_word' id='word_1_222' title='bbox 134 1960 196 1981; x_wconf 84' lang='lat' dir='ltr'>nas</span> <span class='ocrx_word' id='word_1_223' title='bbox 236 1948 417 1982; x_wconf 87' lang='lat' dir='ltr'>decretum</span> <span class='ocrx_word' id='word_1_224' title='bbox 452 1952 682 1997; x_wconf 86' lang='lat' dir='ltr'>vocaverunt)</span> <span class='ocrx_word' id='word_1_225' title='bbox 728 1950 976 1984; x_wconf 84' lang='lat' dir='ltr'>defensoribus</span> <span class='ocrx_word' id='word_1_226' title='bbox 1021 1951 1154 1985; x_wconf 87' lang='lat' dir='ltr'>editum</span> <span class='ocrx_word' id='word_1_227' title='bbox 1192 1962 1310 1984; x_wconf 86' lang='lat' dir='ltr'>coram</span> <span class='ocrx_word' id='word_1_228' title='bbox 1345 1950 1521 1994; x_wconf 81' lang='lat' dir='ltr'>legerunt,</span> <span class='ocrx_word' id='word_1_229' title='bbox 1547 1954 1584 1983; x_wconf 87' lang='lat' dir='ltr'>et</span> 
     </span>
     <span class='ocr_line' id='line_1_28' title="bbox 134 1995 1583 2043; baseline 0.001 -15"><span class='ocrx_word' id='word_1_230' title='bbox 134 1995 354 2029; x_wconf 80' lang='lat' dir='ltr'>orthodoxos</span> <span class='ocrx_word' id='word_1_231' title='bbox 381 1997 596 2043; x_wconf 78' lang='lat' dir='ltr'>patriarchas</span> <span class='ocrx_word' id='word_1_232' title='bbox 622 2003 760 2031; x_wconf 86' lang='lat' dir='ltr'>nostros</span> <span class='ocrx_word' id='word_1_233' title='bbox 789 1997 1024 2031; x_wconf 80' lang='lat' dir='ltr'>anathematis</span> <span class='ocrx_word' id='word_1_234' title='bbox 1051 1997 1220 2032; x_wconf 83' lang='lat' dir='ltr'>haeredes</span> <span class='ocrx_word' id='word_1_235' title='bbox 1246 1996 1473 2031; x_wconf 77' lang='lat' dir='ltr'>anathemate</span> <span class='ocrx_word' id='word_1_236' title='bbox 1499 2007 1583 2042; x_wconf 89' lang='lat' dir='ltr'>per-</span> 
     </span>
     <span class='ocr_line' id='line_1_29' title="bbox 135 2044 1583 2091; baseline 0 -15"><span class='ocrx_word' id='word_1_237' title='bbox 135 2049 331 2084; x_wconf 79' lang='lat' dir='ltr'>cusserunt,</span> <span class='ocrx_word' id='word_1_238' title='bbox 356 2050 394 2077; x_wconf 81' lang='lat' dir='ltr'>et</span> <span class='ocrx_word' id='word_1_239' title='bbox 416 2055 512 2078; x_wconf 81' lang='lat' dir='ltr'>inore</span> <span class='ocrx_word' id='word_1_240' title='bbox 537 2045 722 2087; x_wconf 78' lang='lat' dir='ltr'>tyrannico</span> <span class='ocrx_word' id='word_1_241' title='bbox 738 2045 984 2090; x_wconf 80' lang='lat' dir='ltr'>metropolitas</span> <span class='ocrx_word' id='word_1_242' title='bbox 1012 2051 1048 2079; x_wconf 86' lang='lat' dir='ltr'>et</span> <span class='ocrx_word' id='word_1_243' title='bbox 1066 2047 1250 2091; x_wconf 86' lang='lat' dir='ltr'>episcopos</span> <span class='ocrx_word' id='word_1_244' title='bbox 1276 2044 1494 2078; x_wconf 71' lang='lat' dir='ltr'>orthodoxos</span> <span class='ocrx_word' id='word_1_245' title='bbox 1520 2055 1583 2088; x_wconf 86' lang='lat' dir='ltr'>per</span> 
     </span>
     <span class='ocr_line' id='line_1_30' title="bbox 134 2091 1584 2137; baseline 0.001 -15"><span class='ocrx_word' id='word_1_246' title='bbox 134 2091 204 2122; x_wconf 87' lang='lat' dir='ltr'>vim</span> <span class='ocrx_word' id='word_1_247' title='bbox 232 2096 361 2124; x_wconf 81' lang='lat' dir='ltr'>tractos</span> <span class='ocrx_word' id='word_1_248' title='bbox 389 2096 424 2124; x_wconf 89' lang='lat' dir='ltr'>et</span> <span class='ocrx_word' id='word_1_249' title='bbox 452 2092 488 2124; x_wconf 89' lang='lat' dir='ltr'>in</span> <span class='ocrx_word' id='word_1_250' title='bbox 506 2092 660 2125; x_wconf 80' lang='lat' dir='ltr'>medium</span> <span class='ocrx_word' id='word_1_251' title='bbox 687 2091 933 2137; x_wconf 82' lang='lat' dir='ltr'>praedatoriae</span> <span class='ocrx_word' id='word_1_252' title='bbox 957 2093 1058 2125; x_wconf 89' lang='lat' dir='ltr'>istius</span> <span class='ocrx_word' id='word_1_253' title='bbox 1083 2092 1210 2136; x_wconf 83' lang='lat' dir='ltr'>synodi</span> <span class='ocrx_word' id='word_1_254' title='bbox 1234 2093 1411 2137; x_wconf 86' lang='lat' dir='ltr'>proiectos</span> <span class='ocrx_word' id='word_1_255' title='bbox 1436 2091 1584 2124; x_wconf 76' lang='lat' dir='ltr'>concul-</span> 
     </span>
     <span class='ocr_line' id='line_1_31' title="bbox 135 2138 1585 2184; baseline 0 -14"><span class='ocrx_word' id='word_1_256' title='bbox 135 2144 305 2171; x_wconf 82' lang='lat' dir='ltr'>caverunt</span> <span class='ocrx_word' id='word_1_257' title='bbox 337 2138 488 2182; x_wconf 79' lang='lat' dir='ltr'>pedibus</span> <span class='ocrx_word' id='word_1_258' title='bbox 505 2164 514 2179; x_wconf 94' lang='lat'>‚</span> <span class='ocrx_word' id='word_1_259' title='bbox 550 2140 651 2184; x_wconf 77' lang='lat' dir='ltr'>quasi</span> <span class='ocrx_word' id='word_1_260' title='bbox 678 2140 822 2184; x_wconf 58' lang='lat' dir='ltr'>[dotatis</span> <span class='ocrx_word' id='word_1_261' title='bbox 849 2151 936 2184; x_wconf 89' lang='lat' dir='ltr'>opus</span> <span class='ocrx_word' id='word_1_262' title='bbox 968 2140 1164 2184; x_wconf 87' lang='lat' dir='ltr'>impietatis</span> <span class='ocrx_word' id='word_1_263' title='bbox 1189 2140 1340 2172; x_wconf 87' lang='lat' dir='ltr'>ministri</span> <span class='ocrx_word' id='word_1_264' title='bbox 1367 2143 1523 2183; x_wconf 80' lang='lat' dir='ltr'>agerent,</span> <span class='ocrx_word' id='word_1_265' title='bbox 1547 2142 1585 2171; x_wconf 82' lang='lat' dir='ltr'>et</span> 
     </span>
     <span class='ocr_line' id='line_1_32' title="bbox 134 2186 1584 2232; baseline 0 -15"><span class='ocrx_word' id='word_1_266' title='bbox 134 2186 280 2230; x_wconf 82' lang='lat' dir='ltr'>proprio</span> <span class='ocrx_word' id='word_1_267' title='bbox 308 2186 478 2229; x_wconf 79' lang='lat' dir='ltr'>sangnine</span> <span class='ocrx_word' id='word_1_268' title='bbox 505 2187 655 2220; x_wconf 83' lang='lat' dir='ltr'>infectos</span> <span class='ocrx_word' id='word_1_269' title='bbox 684 2186 932 2232; x_wconf 79' lang='lat' dir='ltr'>militibusque</span> <span class='ocrx_word' id='word_1_270' title='bbox 958 2186 1109 2220; x_wconf 80' lang='lat' dir='ltr'>traditos</span> <span class='ocrx_word' id='word_1_271' title='bbox 1133 2188 1171 2220; x_wconf 86' lang='lat' dir='ltr'>in</span> <span class='ocrx_word' id='word_1_272' title='bbox 1195 2187 1373 2220; x_wconf 80' lang='lat' dir='ltr'>custodias</span> <span class='ocrx_word' id='word_1_273' title='bbox 1398 2191 1434 2218; x_wconf 86' lang='lat' dir='ltr'>et</span> <span class='ocrx_word' id='word_1_274' title='bbox 1464 2195 1584 2218; x_wconf 88' lang='lat' dir='ltr'>carce-</span> 
     </span>
     <span class='ocr_line' id='line_1_33' title="bbox 137 2232 1586 2278; baseline 0 -14"><span class='ocrx_word' id='word_1_275' title='bbox 137 2243 191 2264; x_wconf 89' lang='lat' dir='ltr'>res</span> <span class='ocrx_word' id='word_1_276' title='bbox 221 2232 457 2266; x_wconf 82' lang='lat' dir='ltr'>detruserunt.</span> <span class='ocrx_word' id='word_1_277' title='bbox 508 2234 632 2278; x_wconf 81' lang='lat' dir='ltr'>ibique</span> <span class='ocrx_word' id='word_1_278' title='bbox 670 2233 797 2266; x_wconf 75' lang='lat' dir='ltr'>diebus</span> <span class='ocrx_word' id='word_1_279' title='bbox 837 2235 977 2278; x_wconf 81' lang='lat' dir='ltr'>aliquot</span> <span class='ocrx_word' id='word_1_280' title='bbox 1013 2233 1178 2267; x_wconf 83' lang='lat' dir='ltr'>detentos</span> <span class='ocrx_word' id='word_1_281' title='bbox 1214 2245 1348 2267; x_wconf 86' lang='lat' dir='ltr'>rursum</span> <span class='ocrx_word' id='word_1_282' title='bbox 1375 2232 1522 2265; x_wconf 82' lang='lat' dir='ltr'>eductos</span> <span class='ocrx_word' id='word_1_283' title='bbox 1548 2237 1586 2265; x_wconf 82' lang='lat' dir='ltr'>et</span> 
     </span>
     <span class='ocr_line' id='line_1_34' title="bbox 134 2280 1585 2326; baseline 0 -15"><span class='ocrx_word' id='word_1_284' title='bbox 134 2280 354 2312; x_wconf 82' lang='lat' dir='ltr'>examinatos</span> <span class='ocrx_word' id='word_1_285' title='bbox 388 2291 522 2313; x_wconf 88' lang='lat' dir='ltr'>morem</span> <span class='ocrx_word' id='word_1_286' title='bbox 558 2280 663 2314; x_wconf 89' lang='lat' dir='ltr'>dictis</span> <span class='ocrx_word' id='word_1_287' title='bbox 705 2281 776 2314; x_wconf 90' lang='lat' dir='ltr'>suis</span> <span class='ocrx_word' id='word_1_288' title='bbox 814 2281 958 2325; x_wconf 82' lang='lat' dir='ltr'>gessisse</span> <span class='ocrx_word' id='word_1_289' title='bbox 990 2292 1062 2314; x_wconf 88' lang='lat' dir='ltr'>non</span> <span class='ocrx_word' id='word_1_290' title='bbox 1097 2282 1344 2326; x_wconf 83' lang='lat' dir='ltr'>reperientes,</span> <span class='ocrx_word' id='word_1_291' title='bbox 1368 2281 1585 2325; x_wconf 77' lang='lat' dir='ltr'>imperatore</span> 
     </span>
     <span class='ocr_line' id='line_1_35' title="bbox 133 2326 1585 2374; baseline -0.001 -15"><span class='ocrx_word' id='word_1_292' title='bbox 133 2326 309 2359; x_wconf 83' lang='lat' dir='ltr'>mendacii</span> <span class='ocrx_word' id='word_1_293' title='bbox 346 2333 489 2359; x_wconf 87' lang='lat' dir='ltr'>auctore</span> <span class='ocrx_word' id='word_1_294' title='bbox 526 2327 570 2360; x_wconf 85' lang='lat' dir='ltr'>de</span> <span class='ocrx_word' id='word_1_295' title='bbox 596 2329 640 2361; x_wconf 84' lang='lat' dir='ltr'>iis</span> <span class='ocrx_word' id='word_1_296' title='bbox 668 2329 806 2360; x_wconf 88' lang='lat' dir='ltr'>monito</span> <span class='ocrx_word' id='word_1_297' title='bbox 823 2354 831 2368; x_wconf 92' lang='lat'>‚</span> <span class='ocrx_word' id='word_1_298' title='bbox 863 2327 900 2360; x_wconf 88' lang='lat' dir='ltr'>in</span> <span class='ocrx_word' id='word_1_299' title='bbox 929 2327 1078 2360; x_wconf 74' lang='lat' dir='ltr'>exilium</span> <span class='ocrx_word' id='word_1_300' title='bbox 1105 2330 1297 2371; x_wconf 77' lang='lat' dir='ltr'>miseruut3</span> <span class='ocrx_word' id='word_1_301' title='bbox 1322 2339 1411 2374; x_wconf 86' lang='lat' dir='ltr'>quos</span> <span class='ocrx_word' id='word_1_302' title='bbox 1438 2328 1585 2369; x_wconf 81' lang='lat' dir='ltr'>insuper</span> 
     </span>
     <span class='ocr_line' id='line_1_36' title="bbox 133 2373 1622 2420; baseline -0.001 -14"><span class='ocrx_word' id='word_1_303' title='bbox 133 2374 172 2406; x_wconf 87' lang='lat' dir='ltr'>in</span> <span class='ocrx_word' id='word_1_304' title='bbox 198 2374 305 2406; x_wconf 71' lang='lat' dir='ltr'>exilio</span> <span class='ocrx_word' id='word_1_305' title='bbox 330 2375 466 2418; x_wconf 86' lang='lat' dir='ltr'>positos</span> <span class='ocrx_word' id='word_1_306' title='bbox 490 2375 604 2408; x_wconf 77' lang='lat' dir='ltr'>missis</span> <span class='ocrx_word' id='word_1_307' title='bbox 631 2374 826 2408; x_wconf 87' lang='lat' dir='ltr'>tortoribus</span> <span class='ocrx_word' id='word_1_308' title='bbox 855 2375 957 2407; x_wconf 88' lang='lat' dir='ltr'>variis</span> <span class='ocrx_word' id='word_1_309' title='bbox 989 2376 1173 2420; x_wconf 86' lang='lat' dir='ltr'>suppliciis</span> <span class='ocrx_word' id='word_1_310' title='bbox 1198 2376 1325 2408; x_wconf 82' lang='lat' dir='ltr'>affecit.</span> <span class='ocrx_word' id='word_1_311' title='bbox 1376 2385 1445 2406; x_wconf 86' lang='lat' dir='ltr'>una</span> <span class='ocrx_word' id='word_1_312' title='bbox 1475 2373 1583 2416; x_wconf 79' lang='lat' dir='ltr'>igitur</span> <span class='ocrx_word' id='word_1_313' title='bbox 1618 2382 1622 2386; x_wconf 84' lang='lat'>·</span> 
     </span>
     <span class='ocr_line' id='line_1_37' title="bbox 133 2421 1582 2467; baseline 0 -15"><span class='ocrx_word' id='word_1_314' title='bbox 133 2432 213 2453; x_wconf 87' lang='lat' dir='ltr'>cum</span> <span class='ocrx_word' id='word_1_315' title='bbox 249 2421 397 2465; x_wconf 89' lang='lat' dir='ltr'>imperio</span> <span class='ocrx_word' id='word_1_316' title='bbox 432 2421 568 2455; x_wconf 83' lang='lat' dir='ltr'>facinus</span> <span class='ocrx_word' id='word_1_317' title='bbox 601 2421 751 2467; x_wconf 88' lang='lat' dir='ltr'>quodvis</span> <span class='ocrx_word' id='word_1_318' title='bbox 774 2423 921 2467; x_wconf 87' lang='lat' dir='ltr'>impium</span> <span class='ocrx_word' id='word_1_319' title='bbox 955 2423 1186 2467; x_wconf 85' lang='lat' dir='ltr'>perpetrandi</span> <span class='ocrx_word' id='word_1_320' title='bbox 1213 2426 1391 2467; x_wconf 82' lang='lat' dir='ltr'>potestate</span> <span class='ocrx_word' id='word_1_321' title='bbox 1418 2425 1582 2466; x_wconf 73' lang='lat' dir='ltr'>arrepta,</span> 
     </span>
     <span class='ocr_line' id='line_1_38' title="bbox 133 2465 1581 2508; baseline 0 -9"><span class='ocrx_word' id='word_1_322' title='bbox 133 2468 274 2500; x_wconf 87' lang='lat' dir='ltr'>nullum</span> <span class='ocrx_word' id='word_1_323' title='bbox 306 2469 419 2500; x_wconf 80' lang='lat' dir='ltr'>scelus</span> <span class='ocrx_word' id='word_1_324' title='bbox 454 2468 520 2500; x_wconf 86' lang='lat' dir='ltr'>sibi</span> <span class='ocrx_word' id='word_1_325' title='bbox 553 2481 624 2502; x_wconf 85' lang='lat' dir='ltr'>non</span> <span class='ocrx_word' id='word_1_326' title='bbox 665 2469 925 2502; x_wconf 74' lang='lat' dir='ltr'>admittendum</span> <span class='ocrx_word' id='word_1_327' title='bbox 955 2469 1124 2508; x_wconf 75' lang='lat' dir='ltr'>decrevit,</span> <span class='ocrx_word' id='word_1_328' title='bbox 1162 2481 1182 2502; x_wconf 87' lang='lat' dir='ltr'>a</span> <span class='ocrx_word' id='word_1_329' title='bbox 1206 2470 1307 2502; x_wconf 85' lang='lat' dir='ltr'>nullo</span> <span class='ocrx_word' id='word_1_330' title='bbox 1334 2468 1481 2501; x_wconf 86' lang='lat' dir='ltr'>crimine</span> <span class='ocrx_word' id='word_1_331' title='bbox 1510 2465 1581 2500; x_wconf 84' lang='lat' dir='ltr'>sibi</span> 
     </span>
     <span class='ocr_line' id='line_1_39' title="bbox 133 2513 1581 2560; baseline 0 -14"><span class='ocrx_word' id='word_1_332' title='bbox 133 2516 273 2560; x_wconf 84' lang='lat' dir='ltr'>putavit</span> <span class='ocrx_word' id='word_1_333' title='bbox 298 2515 577 2559; x_wconf 80' lang='lat' dir='ltr'>temperandum.</span> <span class='ocrx_word' id='word_1_334' title='bbox 626 2517 797 2560; x_wconf 77' lang='lat' dir='ltr'>imagines</span> <span class='ocrx_word' id='word_1_335' title='bbox 817 2528 898 2549; x_wconf 89' lang='lat' dir='ltr'>vero</span> <span class='ocrx_word' id='word_1_336' title='bbox 926 2527 989 2560; x_wconf 84' lang='lat' dir='ltr'>per</span> <span class='ocrx_word' id='word_1_337' title='bbox 1014 2517 1182 2549; x_wconf 82' lang='lat' dir='ltr'>ecclesias</span> <span class='ocrx_word' id='word_1_338' title='bbox 1214 2517 1328 2548; x_wconf 87' lang='lat' dir='ltr'>ubivis</span> <span class='ocrx_word' id='word_1_339' title='bbox 1354 2521 1488 2547; x_wconf 82' lang='lat' dir='ltr'>erectas</span> <span class='ocrx_word' id='word_1_340' title='bbox 1516 2513 1581 2547; x_wconf 73' lang='lat' dir='ltr'>de-</span> 
     </span>
     <span class='ocr_line' id='line_1_40' title="bbox 133 2561 1581 2609; baseline 0 -15"><span class='ocrx_word' id='word_1_341' title='bbox 133 2563 252 2606; x_wconf 87' lang='lat' dir='ltr'>posuit</span> <span class='ocrx_word' id='word_1_342' title='bbox 279 2567 315 2595; x_wconf 75' lang='lat' dir='ltr'>et</span> <span class='ocrx_word' id='word_1_343' title='bbox 342 2562 543 2602; x_wconf 84' lang='lat' dir='ltr'>combussit,</span> <span class='ocrx_word' id='word_1_344' title='bbox 570 2575 736 2609; x_wconf 86' lang='lat' dir='ltr'>sacraque</span> <span class='ocrx_word' id='word_1_345' title='bbox 751 2575 833 2596; x_wconf 81' lang='lat' dir='ltr'>vasa</span> <span class='ocrx_word' id='word_1_346' title='bbox 860 2563 1005 2596; x_wconf 81' lang='lat' dir='ltr'>caelatis</span> <span class='ocrx_word' id='word_1_347' title='bbox 1029 2564 1243 2608; x_wconf 81' lang='lat' dir='ltr'>imaginibus</span> <span class='ocrx_word' id='word_1_348' title='bbox 1271 2563 1421 2606; x_wconf 85' lang='lat' dir='ltr'>iusignia</span> <span class='ocrx_word' id='word_1_349' title='bbox 1446 2561 1581 2594; x_wconf 82' lang='lat' dir='ltr'>contri-</span> 
     </span>
     <span class='ocr_line' id='line_1_41' title="bbox 133 2607 1580 2654; baseline 0 -14"><span class='ocrx_word' id='word_1_350' title='bbox 133 2610 195 2641; x_wconf 81' lang='lat' dir='ltr'>vit.</span> <span class='ocrx_word' id='word_1_351' title='bbox 248 2609 291 2640; x_wconf 84' lang='lat' dir='ltr'>‹le</span> <span class='ocrx_word' id='word_1_352' title='bbox 318 2608 371 2641; x_wconf 88' lang='lat' dir='ltr'>his</span> <span class='ocrx_word' id='word_1_353' title='bbox 397 2609 576 2642; x_wconf 89' lang='lat' dir='ltr'>obmutire</span> <span class='ocrx_word' id='word_1_354' title='bbox 602 2612 694 2644; x_wconf 80' lang='lat' dir='ltr'>ansis</span> <span class='ocrx_word' id='word_1_355' title='bbox 714 2611 853 2654; x_wconf 79' lang='lat' dir='ltr'>linguas</span> <span class='ocrx_word' id='word_1_356' title='bbox 871 2610 1036 2650; x_wconf 82' lang='lat' dir='ltr'>abscidit,</span> <span class='ocrx_word' id='word_1_357' title='bbox 1062 2612 1149 2644; x_wconf 88' lang='lat' dir='ltr'>istos</span> <span class='ocrx_word' id='word_1_358' title='bbox 1170 2609 1336 2643; x_wconf 88' lang='lat' dir='ltr'>contudit</span> <span class='ocrx_word' id='word_1_359' title='bbox 1359 2607 1580 2648; x_wconf 78' lang='lat' dir='ltr'>verberibus,</span> 
     </span>
     <span class='ocr_line' id='line_1_42' title="bbox 130 2656 1581 2702; baseline -0.001 -12"><span class='ocrx_word' id='word_1_360' title='bbox 130 2656 223 2690; x_wconf 76' lang='lat' dir='ltr'>alios</span> <span class='ocrx_word' id='word_1_361' title='bbox 248 2656 468 2689; x_wconf 85' lang='lat' dir='ltr'>delatoribus</span> <span class='ocrx_word' id='word_1_362' title='bbox 494 2662 530 2690; x_wconf 85' lang='lat' dir='ltr'>et</span> <span class='ocrx_word' id='word_1_363' title='bbox 555 2658 671 2702; x_wconf 81' lang='lat' dir='ltr'>impiis</span> <span class='ocrx_word' id='word_1_364' title='bbox 696 2657 901 2691; x_wconf 86' lang='lat' dir='ltr'>homiuibus</span> <span class='ocrx_word' id='word_1_365' title='bbox 928 2658 1114 2698; x_wconf 86' lang='lat' dir='ltr'>institutis,</span> <span class='ocrx_word' id='word_1_366' title='bbox 1142 2663 1182 2690; x_wconf 91' lang='lat' dir='ltr'>ut</span> <span class='ocrx_word' id='word_1_367' title='bbox 1207 2656 1413 2701; x_wconf 84' lang='lat' dir='ltr'>ubicunque</span> <span class='ocrx_word' id='word_1_368' title='bbox 1441 2656 1581 2700; x_wconf 85' lang='lat' dir='ltr'>aliquos</span> 
     </span>
     <span class='ocr_line' id='line_1_43' title="bbox 133 2703 1580 2753; baseline -0.001 -15"><span class='ocrx_word' id='word_1_369' title='bbox 133 2703 202 2738; x_wconf 73' lang='lat' dir='ltr'>sibi</span> <span class='ocrx_word' id='word_1_370' title='bbox 225 2715 299 2739; x_wconf 83' lang='lat' dir='ltr'>non</span> <span class='ocrx_word' id='word_1_371' title='bbox 327 2706 625 2740; x_wconf 65' lang='lat' dir='ltr'>communicantes</span> <span class='ocrx_word' id='word_1_372' title='bbox 650 2706 860 2753; x_wconf 67' lang='lat' dir='ltr'>reperirent,</span> <span class='ocrx_word' id='word_1_373' title='bbox 887 2705 1042 2740; x_wconf 82' lang='lat' dir='ltr'>accusari</span> <span class='ocrx_word' id='word_1_374' title='bbox 1067 2704 1239 2753; x_wconf 83' lang='lat' dir='ltr'>permisit.</span> <span class='ocrx_word' id='word_1_375' title='bbox 1276 2709 1434 2751; x_wconf 73' lang='lat' dir='ltr'>repertos</span> <span class='ocrx_word' id='word_1_376' title='bbox 1459 2708 1580 2738; x_wconf 81' lang='lat' dir='ltr'>autem</span> 
     </span>
    </p>
   </div>
  </div>
 </body>
</html>
