1838 3132
576 100 1069 144 CHRONOGRAPmA.
1445 95 1542 142 313

92 198 163 250 νὸς
191 195 252 242 ἀὶν
276 201 350 242 καί
376 198 505 248 αὐτὸς
533 201 606 242 καί
632 198 951 254 ὀνομαζόμενος,
984 198 1057 242 καί
1071 197 1130 254 μή
1161 200 1260 242 θέλε
1278 197 1542 251 μολύνεσθαι

93 267 364 320 Χριστιανῶν
395 265 533 317 δεξιάς
559 268 732 319 αἵμασιν
766 264 1003 319 ὃμοπίστων
1031 267 1315 321 Χριστιανῶν.
1374 259 1546 318 ἄνθρω-

91 346 169 380 πος
194 326 240 373 εἶ
259 330 335 374 καί
358 329 490 381 αὐτὸς
515 330 696 374 θάνατον
718 334 962 386 προσδοκῶν
985 332 1059 375 καί
1086 330 1317 374 ἀνάστασιν
1344 330 1419 372 καί
1443 329 1546 371 ἀντ-

92 395 307 440 απόδοσιν.
375 396 560 452 σήμερον
598 397 829 453 ὑπάρχεις,
874 398 947 440 καί
987 394 1136 455 αὔριον
1164 398 1222 447 εἰς
1253 395 1367 440 κόνιν
1396 397 1546 439 διαλυ-

58 460 221 522 5θήσῃ.
275 460 337 514 εἷς
363 463 542 519 πυρετὸς
569 460 684 506 ἅπαν
713 467 962 517 κατασβέσει
991 462 1037 506 τὸ
1067 462 1287 520 φρύαγμα.
1343 461 1437 506 τίνα
1467 456 1545 503 οὖν

93 530 216 584 λόγον
241 529 391 579 δώσεις
427 530 486 586 τῷ
530 529 616 587 θεῷ
659 530 752 571 ἐκεῖ
774 529 974 573 ἀπελθών
1001 529 1108 585 ὖπὲρ
1136 533 1220 572 τῶν
1246 528 1402 572 ἀδίκων
1428 545 1545 583 σφα-

90 596 200 649 γῶνς
229 597 331 653 ποίῳ
358 592 567 652 προσώπῳ
596 596 654 653 τῷ
671 597 840 653 φοβερῷ
856 598 926 638 καί
953 598 1100 654 δικαίῳ
1115 597 1362 645 ε’νατενίσεις
1389 596 1512 650 κριτῇ
1528 612 1543 647 ;

90 662 132 704 εἰ
154 658 333 703 πλούτου
359 661 468 715 ε’ρῶν
493 661 626 703 ταῦτα
654 667 798 714 ποιεῖς,
825 661 905 716 ἐγώ
935 677 983 704 σε
1013 659 1257 715 κατακόρως
1285 663 1364 703 τοῦ
1389 656 1583 705 ἐπιθυ-0

90 729 304 780 μουμὲνου
343 725 554 782 ἐμπλήσω.
608 726 739 780 μόνον
767 725 937 782 ἐπίσχες
963 726 1041 784 τήν
1068 726 1220 780 δεξιάν,
1249 724 1438 776 ἅσπασαι
1469 725 1544 783 τήν

37 790 279 847 ιοείρήνην,
319 792 534 848 ἀγάπησον
575 793 649 849 τήν
676 790 905 850 ὁμόνοιαν,
933 795 1004 838 ἵνα
1034 793 1107 836 καί
1132 792 1261 843 αὖτὸς
1290 796 1383 847 βίον
1413 794 1544 851 ζήσῃς

89 856 292 913 εἰρηνικὸν
317 858 388 901 καὶ
414 857 681 914 ἀπράγμονα,
712 862 786 902 καί
817 858 857 902 οἱ
885 863 1140 914 Χριστιανοὶ
1165 850 1416 903 παύσων-εἶπ’
1440 875 1542 901 ποτε

87 925 173 967 τῶν
208 927 472 981 συμφορῶν·
546 927 599 967 ου’
635 927 760 978 θέμις
806 925 888 981 γὰρ
926 925 1079 980 αὐτοῦς
1119 925 1258 981 αἴρειν
1293 923 1404 968 ὅπλα
1442 929 1541 968 καθ’

89 988 365 1043 ὄμοπιστων.”
419 992 603 1034 τοσαῦτα
623 986 699 1032 οὖν
727 991 856 1033 εἰπών
884 991 906 1033 ὅ
933 991 1137 1046 βασιλεῦς
1165 994 1370 1047 ἐσίγησεν.
1426 993 1541 1034 αἰδε-

87 1056 206 1105 σθείς
243 1052 319 1100 οὖν
354 1055 530 1110 Συμεών
564 1055 641 1113 τήν
683 1057 835 1099 τούτου
871 1058 1120 1100 ταπείνωσιν
1159 1059 1231 1100 καί
1266 1055 1363 1107 τούς
1393 1056 1542 1111 λόγους

34 1130 78 1165 25
91 1123 220 1164 αὐτοῦ
249 1124 468 1166 ἐπένευσεν
504 1122 581 1178 τήν
609 1121 777 1179 εἰρήνην
816 1124 1090 1179 ποιήσασθαι.
1146 1122 1438 1176 ἀσπασάμενοι
1466 1119 1541 1165 οὖν

87 1183 290 1243 ἀλλήλους
321 1191 676 1245 ὃιεχωρίσθησαν,
705 1188 857 1246 δώροις
882 1191 1216 1244 μεγαλοπρεπέσι
1244 1190 1320 1232 τοῦ
1334 1191 1542 1243 βασιλέως
1599 1190 1604 1195 ”

86 1255 394 1306 δεξιωσαμένου
428 1254 500 1298 τὸν
527 1258 746 1309 Συμεῶνα.
803 1254 825 1297 ὃ
861 1257 908 1298 δὲ
935 1255 1030 1298 τότε
1058 1258 1320 1311 συμβέβηκεν
1349 1255 1541 1311 διηγήσο-

85 1336 166 1373 μαι
194 1318 413 1374 τεράστιόν
434 1337 471 1363 τι
499 1324 571 1363 καί
598 1327 686 1371 τοῖς
702 1321 754 1364 τιὶ
779 1325 951 1364 τοιαῦτα
982 1324 1218 1376 συγκρίνειν
1244 1321 1378 1364 eldam
1406 1319 1542 1376 παρά-

88 1386 220 1436 δοξον.
275 1385 350 1427 δύο
389 1388 522 1442 φασίν
560 1383 710 1436 ἀετούς
747 1390 828 1430 τῶν
855 1391 1065 1441 βασιλέων
1092 1385 1347 1440 ὁμιλούντων
1375 1383 1538 1429 ἄνωθεν

29 1465 76 1500 20
89 1452 227 1494 av'm‘w
253 1452 528 1508 ὕπερπτήναι,
558 1447 659 1507 ἧξαί
682 1469 724 1496 τε
751 1453 824 1495 καί
861 1452 966 1508 πρὸς
996 1451 1202 1507 ἀλλήλους
1230 1455 1436 1506 συμμῖξαι
1466 1450 1580 1495 nain

87 1519 322 1572 παραυτίκα
352 1521 660 1574 διαζευχθῆναι
689 1519 892 1574 ἀλλήλων,
923 1520 995 1562 καί
1025 1518 1095 1561 τὸν
1117 1522 1196 1574 μὲν
1215 1521 1287 1562 ε’πί
1313 1519 1390 1574 τήν
1417 1519 1539 1560 πόλιν

86 1585 238 1640 ἐλθεῖν,
263 1586 334 1628 τὸν
362 1587 408 1628 δὲ
437 1586 509 1629 ε’πί
536 1585 613 1642 τήν
644 1585 813 1645 Θρᾴκην
842 1588 1082 1642 διαπτῆναι.
1139 1588 1258 1628 τοῦτο
1284 1584 1322 1628 οἱ
1354 1585 1540 1642 ἀκριβῶς

181 1713 238 1747 20.
267 1715 427 1761 κλιὶγξαι
446 1716 652 1759 Anonymus

89 1827 257 1867 percute3
285 1828 321 1856 et
345 1822 627 1856 Christianorum
654 1823 818 1856 dexteras
844 1823 948 1856 unius
974 1822 1060 1856 fidei
1075 1822 1361 1856 Christianorum
1389 1820 1538 1865 sangui-

89 1869 194 1902 nibus
218 1881 264 1902 ne
290 1870 476 1915 permittas
500 1870 630 1915 pollui.
693 1870 799 1903 homo
825 1871 960 1916 quippe
986 1881 1045 1911 es,
1074 1876 1111 1903 et
1134 1875 1284 1903 mortem
1311 1869 1390 1914 ipse
1415 1874 1451 1901 et
1479 1880 1540 1901 re·-

89 1917 345 1950 surrectionem
383 1923 419 1950 et
452 1929 600 1962 operum
634 1917 910 1952 retributionem
949 1918 1198 1963 praestolaris;
1236 1915 1420 1960 hodieque
1457 1926 1537 1948 cum

88 1964 230 2003 existas,
257 1965 430 1997 crastinus
446 1964 523 1997 dies
549 1966 584 1997 in
605 1965 786 2010 pulverem
813 1970 849 1998 te
867 1966 1038 1998 resolvet:
1064 1964 1176 1997 febris
1195 1964 1253 1996 vel
1275 1963 1378 1996 unica
1397 1974 1538 1995 omnem

88 2011 275 2055 extinguet
311 2012 527 2045 iactantiam.
588 2023 693 2057 quam
726 2013 835 2055 igitur
869 2012 915 2045 ad
955 2011 1012 2045 dei
1040 2011 1200 2046 tribunal
1226 2011 1442 2044 constitutus
1471 2020 1537 2054 pro

86 2058 254 2091 caedibus
279 2059 421 2092 iniustis
447 2059 515 2092 deo
550 2058 676 2092 reddes
702 2059 899 2093 rationem?
961 2071 1032 2104 quo
1057 2059 1157 2092 vultu
1184 2059 1220 2091 in
1248 2056 1471 2091 tremendum
1499 2061 1537 2089 et

86 2105 216 2138 iustum
245 2105 398 2138 iudicem
426 2107 547 2139 oculos
575 2106 765 2140 intendes?
813 2106 840 2139 si
871 2105 1075 2139 divitiarum
1091 2105 1287 2151 cupiditate
1313 2104 1439 2137 ductus
1468 2103 1537 2135 hoc

86 2153 171 2195 agis,
198 2163 263 2196 ego
302 2152 347 2185 ad
373 2154 574 2186 satietatem
612 2165 745 2199 usque,
772 2164 814 2186 eo
842 2152 940 2199 quod
975 2153 1170 2193 desideras,
1195 2151 1369 2197 implebo·
1419 2151 1536 2183 solum

85 2199 231 2232 contine
256 2198 448 2240 dexteram,
478 2200 694 2245 amplectere
726 2211 860 2245 pacem,
888 2199 999 2245 dilige
1023 2200 1263 2240 concordiam,
1292 2204 1331 2232 ut
1357 2203 1393 2231 et
1417 2203 1454 2231 tu
1481 2197 1537 2229 vi—

85 2250 158 2278 tam
182 2257 262 2289 agas
281 2248 510 2292 tranquillam
530 2253 565 2280 et
587 2247 841 2282 sollicitudinis
867 2252 1061 2292 expertem,
1088 2253 1124 2280 et
1147 2246 1414 2280 calamitatibus
1442 2256 1537 2277 non-

85 2291 177 2325 nihil
201 2292 394 2326 Christiani
428 2294 672 2327 subleventur.
732 2295 832 2328 nefas
859 2295 953 2327 enim
992 2300 1047 2328 est
1072 2294 1239 2327 adversus
1266 2292 1424 2326 eiusdem
1453 2290 1538 2323 fidei

85 2339 250 2372 homines
275 2346 310 2373 te
334 2352 428 2374 arma
454 2344 629 2375 movere.''
679 2341 735 2374 his
764 2341 869 2375 dictis
893 2342 1087 2386 imperator
1112 2342 1234 2375 tacuit.
1287 2340 1433 2373 Simeon
1460 2339 1537 2370 eius

85 2385 368 2420 moderationem
395 2393 431 2421 et
458 2389 533 2421 eius
560 2400 740 2422 sermones
765 2401 842 2421 cum
876 2388 1091 2422 verecundia
1116 2389 1262 2422 miratus
1287 2398 1409 2433 pacem
1438 2397 1537 2417 com-

84 2433 170 2476 poni
197 2434 334 2467 annuit.
391 2446 468 2468 cum
492 2436 599 2480 igitur
623 2435 691 2469 sibi
718 2437 796 2469 vale
824 2436 1010 2477 dixissent,
1039 2435 1293 2475 discesserunt,
1318 2434 1537 2478 imperatore

83 2481 276 2524 magnificis
304 2481 507 2515 muneribus
541 2483 744 2516 Simeonem
782 2483 999 2515 cumulante.
1060 2482 1159 2528 quod
1182 2493 1265 2515 vero
1297 2487 1381 2514 tunc
1406 2478 1537 2512 accidit

82 2526 233 2559 narrabo
259 2528 459 2571 prodigium
477 2541 596 2562 eorum
621 2531 726 2563 etiam
757 2530 818 2575 qui
845 2530 933 2562 haec
958 2529 1158 2562 diiudicant
1183 2529 1286 2562 [idem
1306 2537 1536 2571 exsuperans.

82 2573 302 2618 principibus
331 2576 466 2620 quippe
490 2577 782 2622 colloquentibus
808 2577 946 2621 aquilas
970 2576 1057 2609 duas
1090 2576 1244 2621 desuper
1270 2576 1366 2619 ipsos
1395 2574 1534 2606 volasse.

82 2626 298 2667 praestoque
336 2622 522 2656 advenisse
559 2629 596 2657 et
622 2624 667 2657 ad
706 2625 858 2657 invicem
883 2623 1089 2656 commixtas
1121 2623 1256 2662 ‹lic-unt,
1284 2628 1320 2655 et
1344 2620 1531 2654 confestim

80 2666 127 2702 ab
155 2667 308 2704 invicem
327 2669 537 2712 disiunctas,
561 2670 653 2706 lianc
678 2671 824 2719 quidem
849 2669 896 2705 ad
929 2669 1054 2706 urbem
1081 2670 1291 2711 advolasse,
1314 2668 1420 2703 aliam
1446 2679 1530 2701 vero
